timestamp,ext_condition1,ext_condition2,ext_condition3,ext_condition4,condition,size,exchange,price
2018-01-04T09:30:00.041,32,62,255,255,62,2100,7,160.600
2018-01-04T09:30:00.041,32,255,255,66,66,2100,7,160.600
2018-01-04T09:30:00.189,32,95,1,255,1,2500,1,160.610
2018-01-04T09:30:00.19,32,95,255,255,95,1600,7,160.610
2018-01-04T09:30:00.265,32,108,255,255,108,800,7,160.610
2018-01-04T09:30:00.321,32,255,255,255,0,800,60,160.600
2018-01-04T09:30:00.321,32,255,255,255,0,800,63,160.600
2018-01-04T09:30:00.321,32,255,255,255,0,800,64,160.600
2018-01-04T09:30:00.328,32,255,255,255,0,1200,7,160.600
2018-01-04T09:30:00.436,32,62,255,45,62,141948,1,160.580
2018-01-04T09:30:00.436,32,255,255,66,66,141948,1,160.580
2018-01-04T09:30:00.54,32,95,255,255,95,600,17,160.590
2018-01-04T09:30:00.617,32,95,255,255,95,600,63,160.580
2018-01-04T09:30:00.641,32,255,255,255,0,615,1,160.580
2018-01-04T09:30:00.641,32,255,255,255,0,800,63,160.580
2018-01-04T09:30:00.641,32,255,255,255,0,1600,60,160.580
2018-01-04T09:30:00.641,32,255,255,255,0,800,60,160.580
2018-01-04T09:30:00.641,32,255,255,255,0,900,60,160.580
2018-01-04T09:30:00.641,32,255,255,255,0,500,64,160.580
2018-01-04T09:30:00.693,32,255,255,255,0,1600,65,160.580
2018-01-04T09:30:00.693,32,255,255,255,0,800,63,160.580
2018-01-04T09:30:00.693,32,255,255,255,0,800,65,160.580
2018-01-04T09:30:00.693,32,255,255,255,0,1300,65,160.580
2018-01-04T09:30:00.693,32,255,255,255,0,800,64,160.580
2018-01-04T09:30:00.701,32,255,255,255,0,900,1,160.590
2018-01-04T09:30:00.761,32,255,255,255,0,800,65,160.580
2018-01-04T09:30:01.169,32,255,255,255,0,1200,60,160.580
2018-01-04T09:30:01.261,32,255,255,255,0,775,60,160.580
2018-01-04T09:30:01.341,32,255,255,255,0,800,60,160.570
2018-01-04T09:30:01.342,32,255,255,255,0,800,65,160.570
2018-01-04T09:30:01.343,32,95,255,255,95,1600,7,160.570
2018-01-04T09:30:01.343,32,95,255,255,95,1599,7,160.570
2018-01-04T09:30:01.362,32,95,255,255,95,3000,1,160.570
2018-01-04T09:30:01.364,32,108,255,255,108,1500,7,160.570
2018-01-04T09:30:01.48,32,96,255,4,96,12373,59,160.580
2018-01-04T09:30:01.503,32,255,255,255,0,1000,1,160.570
2018-01-04T09:30:01.569,32,255,255,255,0,900,7,160.570
2018-01-04T09:30:01.605,32,255,255,255,0,1837,1,160.590
2018-01-04T09:30:01.642,32,255,255,255,0,1900,1,160.570
2018-01-04T09:30:01.727,32,255,255,255,0,2901,1,160.570
2018-01-04T09:30:01.776,32,95,255,255,95,1201,1,160.570
2018-01-04T09:30:01.844,32,95,255,255,95,1799,1,160.570
2018-01-04T09:30:01.855,32,108,255,255,108,601,7,160.560
2018-01-04T09:30:02.164,32,255,255,255,0,800,63,160.560
2018-01-04T09:30:02.164,32,255,255,255,0,800,64,160.560
2018-01-04T09:30:02.17,32,255,255,255,0,1500,1,160.560
2018-01-04T09:30:02.279,32,108,255,255,108,999,7,160.560
2018-01-04T09:30:02.362,32,255,255,255,0,1000,1,160.560
2018-01-04T09:30:02.373,32,108,255,255,108,500,7,160.560
2018-01-04T09:30:02.418,32,255,255,255,0,636,1,160.560
2018-01-04T09:30:02.652,32,255,255,255,0,2500,1,160.550
2018-01-04T09:30:02.652,32,255,255,255,0,1600,9,160.550
2018-01-04T09:30:02.652,32,255,255,255,0,600,1,160.550
2018-01-04T09:30:02.652,32,255,255,255,0,600,9,160.550
2018-01-04T09:30:02.652,32,255,255,255,0,800,65,160.550
2018-01-04T09:30:02.653,32,255,255,255,0,800,60,160.550
2018-01-04T09:30:02.656,32,255,255,255,0,1300,65,160.550
2018-01-04T09:30:02.656,32,255,255,255,0,900,60,160.550
2018-01-04T09:30:02.661,32,95,255,255,95,700,7,160.560
2018-01-04T09:30:02.729,32,255,255,255,0,600,1,160.550
2018-01-04T09:30:02.729,32,255,255,255,0,600,1,160.550
2018-01-04T09:30:02.729,32,255,255,255,0,600,1,160.550
2018-01-04T09:30:02.768,32,95,255,255,95,500,7,160.550
2018-01-04T09:30:02.77,32,108,255,255,108,800,7,160.550
2018-01-04T09:30:02.772,32,255,255,255,0,900,60,160.550
2018-01-04T09:30:02.773,32,255,255,255,0,600,1,160.550
2018-01-04T09:30:02.773,32,255,255,255,0,800,1,160.550
2018-01-04T09:30:02.845,32,255,255,255,0,600,7,160.550
2018-01-04T09:30:02.996,32,95,255,255,95,600,1,160.550
2018-01-04T09:30:02.997,32,255,255,255,0,600,7,160.550
2018-01-04T09:30:03.051,32,255,255,255,0,1100,57,160.540
2018-01-04T09:30:03.345,32,95,255,255,95,2500,1,160.550
2018-01-04T09:30:03.345,32,95,255,255,95,2500,1,160.560
2018-01-04T09:30:03.346,32,95,255,255,95,800,60,160.550
2018-01-04T09:30:03.346,32,95,255,255,95,800,60,160.560
2018-01-04T09:30:03.346,32,95,255,255,95,500,65,160.560
2018-01-04T09:30:03.346,32,95,255,255,95,800,65,160.560
2018-01-04T09:30:03.346,32,95,255,255,95,1600,7,160.550
2018-01-04T09:30:03.346,32,95,255,255,95,1600,7,160.560
2018-01-04T09:30:03.35,32,255,255,255,0,700,7,160.550
2018-01-04T09:30:03.393,32,255,255,255,0,800,7,160.560
2018-01-04T09:30:03.605,32,95,255,255,95,600,7,160.550
2018-01-04T09:30:03.605,32,95,255,255,95,800,7,160.550
2018-01-04T09:30:03.605,32,95,255,255,95,500,7,160.550
2018-01-04T09:30:04.512,32,255,255,255,0,600,1,160.540
2018-01-04T09:30:04.512,32,255,255,255,0,500,7,160.540
2018-01-04T09:30:04.599,32,95,255,255,95,700,1,160.540
2018-01-04T09:30:04.6,32,95,255,255,95,500,7,160.540
2018-01-04T09:30:04.605,32,95,255,255,95,500,65,160.540
2018-01-04T09:30:04.691,32,95,255,255,95,500,7,160.540
2018-01-04T09:30:04.851,32,96,255,255,96,600,57,160.580
2018-01-04T09:30:05.027,32,95,255,255,95,600,7,160.545
2018-01-04T09:30:05.534,32,255,255,255,0,500,7,160.540
2018-01-04T09:30:05.534,32,255,255,255,0,600,7,160.540
2018-01-04T09:30:05.535,32,255,255,255,0,500,65,160.540
2018-01-04T09:30:05.535,32,255,255,255,0,500,65,160.540
2018-01-04T09:30:05.536,32,255,255,255,0,600,1,160.540
2018-01-04T09:30:05.536,32,255,255,255,0,501,1,160.540
2018-01-04T09:30:05.569,32,255,255,255,0,600,1,160.540
2018-01-04T09:30:05.658,32,95,255,255,95,600,7,160.530
2018-01-04T09:30:05.76,32,95,255,255,95,500,7,160.530
2018-01-04T09:30:06.189,32,95,255,255,95,600,63,160.520
2018-01-04T09:30:06.494,32,95,255,255,95,600,7,160.530
2018-01-04T09:30:06.717,32,255,255,255,0,1200,9,160.520
2018-01-04T09:30:06.718,32,255,255,255,0,1200,1,160.520
2018-01-04T09:30:06.718,32,255,255,255,0,700,1,160.520
2018-01-04T09:30:06.718,32,255,255,255,0,600,60,160.520
2018-01-04T09:30:06.805,32,255,255,255,0,700,1,160.520
2018-01-04T09:30:06.805,32,255,255,255,0,700,1,160.520
2018-01-04T09:30:06.828,32,255,255,255,0,1600,9,160.510
2018-01-04T09:30:06.828,32,255,255,255,0,2500,1,160.510
2018-01-04T09:30:06.829,32,255,255,255,0,800,60,160.510
2018-01-04T09:30:06.829,32,255,255,255,0,800,65,160.510
2018-01-04T09:30:06.829,32,255,255,255,0,1600,7,160.510
2018-01-04T09:30:06.829,32,255,255,255,0,1600,7,160.510
2018-01-04T09:30:06.863,32,255,255,255,0,1200,1,160.510
2018-01-04T09:30:07.013,32,255,255,255,0,1000,57,160.590
2018-01-04T09:30:07.488,32,255,255,255,0,700,1,160.520
2018-01-04T09:30:07.506,32,255,255,255,0,800,63,160.530
2018-01-04T09:30:07.51,32,255,255,255,0,1600,57,160.530
2018-01-04T09:30:07.511,32,255,255,255,0,1788,57,160.528
2018-01-04T09:30:07.511,32,255,255,255,0,600,57,160.5299
2018-01-04T09:30:07.542,32,95,255,255,95,600,1,160.5200
2018-01-04T09:30:08.398,32,255,255,255,0,800,7,160.520
2018-01-04T09:30:08.437,32,95,255,255,95,600,1,160.520
2018-01-04T09:30:08.437,32,95,255,255,95,600,17,160.520
2018-01-04T09:30:08.437,32,95,255,255,95,500,60,160.520
2018-01-04T09:30:08.439,32,255,255,255,0,1200,57,160.521
2018-01-04T09:30:08.439,32,95,255,255,95,2500,1,160.510
2018-01-04T09:30:08.439,32,95,255,255,95,1600,1,160.510
2018-01-04T09:30:08.439,32,95,255,255,95,1600,9,160.510
2018-01-04T09:30:08.44,32,95,255,255,95,800,60,160.510
2018-01-04T09:30:08.44,32,95,255,255,95,800,63,160.510
2018-01-04T09:30:08.44,32,95,255,255,95,800,64,160.510
2018-01-04T09:30:08.44,32,95,255,255,95,600,65,160.510
2018-01-04T09:30:08.84,32,95,255,255,95,2500,1,160.530
2018-01-04T09:30:08.841,32,95,255,255,95,800,60,160.530
2018-01-04T09:30:08.841,32,95,255,255,95,800,65,160.530
2018-01-04T09:30:08.841,32,95,255,255,95,1600,7,160.520
2018-01-04T09:30:08.841,32,95,255,255,95,1600,7,160.530
2018-01-04T09:30:08.843,32,255,255,255,0,600,57,160.520
2018-01-04T09:30:08.844,32,255,255,255,0,600,57,160.520
2018-01-04T09:30:08.993,32,255,255,255,0,500,1,160.540
2018-01-04T09:30:08.994,32,255,255,255,0,600,7,160.540
2018-01-04T09:30:09.021,32,95,255,255,95,500,7,160.530
2018-01-04T09:30:09.548,32,255,255,255,0,700,1,160.540
2018-01-04T09:30:09.548,32,255,255,255,0,500,7,160.540
2018-01-04T09:30:10.753,32,255,255,255,0,1000,57,160.535
2018-01-04T09:30:13.299,32,95,255,255,95,600,7,160.5500
2018-01-04T09:30:13.33,32,255,255,255,0,500,1,160.550
2018-01-04T09:30:13.33,32,255,255,255,0,700,1,160.550
2018-01-04T09:30:13.606,32,255,255,255,0,700,7,160.550
2018-01-04T09:30:18.388,32,95,255,255,95,600,7,160.540
2018-01-04T09:30:18.818,32,255,255,255,0,500,1,160.530
2018-01-04T09:30:18.939,32,255,255,255,0,500,65,160.540
2018-01-04T09:30:18.94,32,255,255,255,0,500,7,160.540
2018-01-04T09:30:18.971,32,255,255,255,0,800,1,160.540
2018-01-04T09:30:18.971,32,255,255,255,0,800,1,160.540
2018-01-04T09:30:19.695,32,255,255,255,0,700,7,160.530
2018-01-04T09:30:20.605,32,95,255,255,95,700,65,160.520
2018-01-04T09:30:20.605,32,95,255,255,95,500,65,160.520
2018-01-04T09:30:20.605,32,255,255,255,0,504,1,160.520
2018-01-04T09:30:20.632,32,255,255,255,0,7300,7,160.510
2018-01-04T09:30:20.933,32,95,255,255,95,700,1,160.510
2018-01-04T09:30:20.933,32,95,255,255,95,800,1,160.520
2018-01-04T09:30:20.933,32,95,255,255,95,800,1,160.520
2018-01-04T09:30:20.933,32,95,255,255,95,800,60,160.520
2018-01-04T09:30:20.933,32,95,255,255,95,1600,7,160.520
2018-01-04T09:30:20.933,32,95,255,255,95,1600,7,160.520
2018-01-04T09:30:20.938,32,95,255,255,95,600,17,160.510
2018-01-04T09:30:20.965,32,255,255,255,0,600,7,160.530
2018-01-04T09:30:20.983,32,255,255,255,0,620,60,160.530
2018-01-04T09:30:22.886,32,255,255,255,0,600,1,160.510
2018-01-04T09:30:24.868,32,255,255,255,0,700,7,160.490
2018-01-04T09:30:24.869,32,255,255,255,0,3000,7,160.490
2018-01-04T09:30:25.403,32,255,255,255,0,600,1,160.500
2018-01-04T09:30:25.572,32,255,255,255,0,600,57,160.4999
2018-01-04T09:30:25.648,32,255,255,255,0,500,1,160.5000
2018-01-04T09:30:26.182,32,95,255,255,95,800,7,160.490
2018-01-04T09:30:26.182,32,95,255,255,95,800,7,160.490
2018-01-04T09:30:26.182,32,95,255,255,95,1200,7,160.490
2018-01-04T09:30:26.215,32,255,255,255,0,2500,7,160.490
2018-01-04T09:30:26.301,32,255,255,255,0,585,1,160.490
2018-01-04T09:30:26.301,32,255,255,255,0,615,1,160.490
2018-01-04T09:30:26.302,32,255,255,255,0,800,7,160.490
2018-01-04T09:30:26.323,32,255,255,255,0,1100,1,160.490
2018-01-04T09:30:26.323,32,255,255,255,0,897,7,160.490
2018-01-04T09:30:26.364,32,255,255,255,0,2300,7,160.490
2018-01-04T09:30:26.365,32,255,255,255,0,1500,1,160.490
2018-01-04T09:30:26.367,32,255,255,255,0,2300,7,160.490
2018-01-04T09:30:26.837,32,255,255,255,0,700,7,160.490
2018-01-04T09:30:27.898,32,255,255,255,0,700,7,160.490
2018-01-04T09:30:28.324,32,255,255,255,0,800,7,160.490
2018-01-04T09:30:28.393,32,255,255,255,0,1600,7,160.490
2018-01-04T09:30:28.393,32,255,255,255,0,5286,7,160.490
2018-01-04T09:30:29.923,32,95,255,255,95,1278,1,160.480
2018-01-04T09:30:29.923,32,95,255,255,95,600,65,160.480
2018-01-04T09:30:29.923,32,95,255,255,95,500,60,160.480
2018-01-04T09:30:29.923,32,95,255,255,95,500,65,160.480
2018-01-04T09:30:29.923,32,95,255,255,95,800,7,160.480
2018-01-04T09:30:29.923,32,95,255,255,95,681,7,160.480
2018-01-04T09:30:29.924,32,95,255,255,95,500,7,160.480
2018-01-04T09:30:30.192,32,95,255,255,95,500,1,160.4600
2018-01-04T09:30:30.568,32,255,255,255,0,1500,57,160.455
2018-01-04T09:30:31.278,32,255,255,255,0,1788,57,160.4458
2018-01-04T09:30:34.01,32,95,255,255,95,500,7,160.4600
2018-01-04T09:30:36.593,32,255,255,255,0,700,60,160.470
2018-01-04T09:30:36.593,32,255,255,255,0,800,7,160.470
2018-01-04T09:30:36.912,32,255,255,255,0,900,7,160.470
2018-01-04T09:30:36.912,32,255,255,255,0,500,7,160.470
2018-01-04T09:30:38.672,32,255,255,255,0,800,63,160.490
2018-01-04T09:30:38.672,32,255,255,255,0,800,63,160.490
2018-01-04T09:30:38.673,32,255,255,255,0,800,64,160.490
2018-01-04T09:30:38.673,32,255,255,255,0,800,64,160.490
2018-01-04T09:30:38.673,32,255,255,255,0,800,60,160.490
2018-01-04T09:30:38.673,32,255,255,255,0,900,60,160.490
2018-01-04T09:30:38.673,32,255,255,255,0,700,60,160.490
2018-01-04T09:30:38.676,32,255,255,255,0,2500,1,160.490
2018-01-04T09:30:38.676,32,255,255,255,0,2500,1,160.490
2018-01-04T09:30:38.676,32,255,255,255,0,1000,7,160.490
2018-01-04T09:30:38.679,32,255,255,255,0,600,65,160.490
2018-01-04T09:30:38.679,32,255,255,255,0,1600,65,160.490
2018-01-04T09:30:38.679,32,255,255,255,0,800,65,160.490
2018-01-04T09:30:38.698,32,255,255,255,0,1800,1,160.490
2018-01-04T09:30:38.698,32,95,255,255,95,1300,1,160.490
2018-01-04T09:30:38.698,32,255,255,255,0,1670,1,160.490
2018-01-04T09:30:39.891,32,255,255,255,0,800,1,160.530
2018-01-04T09:30:39.995,32,255,255,255,0,900,1,160.530
2018-01-04T09:30:39.995,32,255,255,255,0,2500,1,160.530
2018-01-04T09:30:39.996,32,255,255,255,0,800,60,160.530
2018-01-04T09:30:39.998,32,255,255,255,0,800,65,160.530
2018-01-04T09:30:40.038,32,255,255,255,0,2500,1,160.530
2018-01-04T09:30:40.657,32,255,255,255,0,600,1,160.530
2018-01-04T09:30:40.657,32,255,255,255,0,700,1,160.530
2018-01-04T09:30:40.657,32,255,255,255,0,500,7,160.530
2018-01-04T09:30:44.107,32,95,255,255,95,600,7,160.540
2018-01-04T09:30:45.566,32,255,255,255,0,900,57,160.5363
2018-01-04T09:30:46.004,32,255,255,255,0,500,1,160.530
2018-01-04T09:30:46.004,32,255,255,255,0,700,60,160.530
2018-01-04T09:30:46.004,32,255,255,255,0,600,65,160.530
2018-01-04T09:30:47.35,32,95,255,255,95,500,60,160.530
2018-01-04T09:30:47.35,32,95,255,255,95,700,60,160.530
2018-01-04T09:30:48.715,32,255,255,255,0,500,57,160.5235
2018-01-04T09:30:49.869,32,255,255,255,0,500,7,160.530
2018-01-04T09:30:51.475,32,255,255,255,0,600,1,160.540
2018-01-04T09:30:51.593,32,255,255,255,0,500,1,160.540
2018-01-04T09:30:55.748,32,95,255,255,95,500,1,160.550
2018-01-04T09:30:55.748,32,95,255,255,95,1196,1,160.550
2018-01-04T09:30:55.748,32,255,255,255,0,500,1,160.550
2018-01-04T09:30:56.163,32,255,255,255,0,500,1,160.560
2018-01-04T09:30:57.206,32,95,255,255,95,800,60,160.550
2018-01-04T09:30:57.206,32,95,255,255,95,800,63,160.550
2018-01-04T09:30:57.729,32,95,255,255,95,659,1,160.530
2018-01-04T09:30:57.729,32,95,255,255,95,800,60,160.530
2018-01-04T09:30:57.962,32,255,2,255,2,1000,57,160.5456
2018-01-04T09:30:58.039,32,255,255,255,0,800,63,160.540
2018-01-04T09:30:58.039,32,255,255,255,0,2500,1,160.540
2018-01-04T09:30:58.039,32,255,255,255,0,800,60,160.540
2018-01-04T09:30:58.039,32,255,255,255,0,800,64,160.540
2018-01-04T09:30:58.039,32,255,255,255,0,1000,1,160.540
2018-01-04T09:30:58.039,32,255,255,255,0,1000,60,160.540
2018-01-04T09:30:58.04,32,255,255,255,0,1100,1,160.540
2018-01-04T09:30:58.04,32,255,255,255,0,1600,7,160.540
2018-01-04T09:30:58.04,32,255,255,255,0,1600,7,160.540
2018-01-04T09:30:58.041,32,255,255,255,0,730,65,160.540
2018-01-04T09:30:58.043,32,95,255,255,95,1600,9,160.540
2018-01-04T09:30:58.044,32,255,255,255,0,500,7,160.540
2018-01-04T09:30:58.044,32,255,255,255,0,730,7,160.540
2018-01-04T09:30:58.06,32,95,255,255,95,660,17,160.540
2018-01-04T09:30:58.064,32,255,255,255,0,500,7,160.540
2018-01-04T09:30:58.065,32,255,255,255,0,700,1,160.540
2018-01-04T09:30:58.118,32,255,255,255,0,600,1,160.530
2018-01-04T09:30:58.118,32,255,255,255,0,800,1,160.530
2018-01-04T09:30:58.119,32,255,255,255,0,700,7,160.530
2018-01-04T09:30:58.131,32,255,255,255,0,800,63,160.520
2018-01-04T09:30:58.626,32,95,255,255,95,1304,7,160.530
2018-01-04T09:30:59.785,32,255,255,255,0,600,7,160.540
2018-01-04T09:30:59.785,32,255,255,255,0,600,7,160.540
2018-01-04T09:30:59.864,32,255,255,255,0,600,1,160.540
2018-01-04T09:30:59.864,32,255,255,255,0,500,1,160.540
2018-01-04T09:30:59.864,32,95,255,255,95,900,1,160.550
2018-01-04T09:30:59.865,32,255,255,255,0,700,60,160.540
2018-01-04T09:30:59.883,32,255,255,255,0,800,65,160.540
2018-01-04T09:30:59.883,32,255,255,255,0,700,65,160.540
2018-01-04T09:30:59.948,32,255,255,255,0,1200,11,160.550
2018-01-04T09:30:59.948,32,255,255,255,0,800,63,160.550
2018-01-04T09:30:59.948,32,255,255,255,0,800,63,160.550
2018-01-04T09:30:59.948,32,255,255,255,0,1100,63,160.550
2018-01-04T09:30:59.948,32,255,255,255,0,800,64,160.550
2018-01-04T09:30:59.948,32,255,255,255,0,800,64,160.550
2018-01-04T09:30:59.95,32,255,255,255,0,800,60,160.550
2018-01-04T09:30:59.95,32,255,255,255,0,1600,60,160.550
2018-01-04T09:30:59.95,32,255,255,255,0,1000,60,160.550
2018-01-04T09:30:59.951,32,255,255,255,0,2423,1,160.550
2018-01-04T09:30:59.951,32,255,255,255,0,1600,7,160.550
2018-01-04T09:30:59.951,32,255,255,255,0,2500,7,160.550
2018-01-04T09:30:59.951,32,255,255,255,0,2000,7,160.550
2018-01-04T09:30:59.952,32,255,255,255,0,800,65,160.550
2018-01-04T09:30:59.952,32,255,255,255,0,1600,65,160.550
2018-01-04T09:30:59.952,32,255,255,255,0,1500,65,160.550
2018-01-04T09:31:00.401,32,255,255,255,0,700,1,160.550
2018-01-04T09:31:00.402,32,255,255,255,0,1100,1,160.550
2018-01-04T09:31:00.452,32,255,255,255,0,1600,7,160.540
2018-01-04T09:31:00.452,32,255,255,255,0,1600,7,160.540
2018-01-04T09:31:00.452,32,255,255,255,0,700,7,160.540
2018-01-04T09:31:00.47,32,255,2,255,2,600,57,160.490
2018-01-04T09:31:00.567,32,255,255,255,0,500,60,160.540
2018-01-04T09:31:01.164,32,255,255,255,0,900,1,160.550
2018-01-04T09:31:01.164,32,255,255,255,0,900,1,160.550
2018-01-04T09:31:01.164,32,255,255,255,0,500,60,160.550
2018-01-04T09:31:01.164,32,255,255,255,0,700,60,160.550
2018-01-04T09:31:01.164,32,255,255,255,0,700,65,160.550
2018-01-04T09:31:01.845,32,255,255,255,0,500,1,160.540
2018-01-04T09:31:02.603,32,95,255,255,95,700,1,160.530
2018-01-04T09:31:03.526,32,255,255,255,0,1000,7,160.520
2018-01-04T09:31:05.166,32,255,255,255,0,800,1,160.530
2018-01-04T09:31:05.166,32,255,255,255,0,728,7,160.530
2018-01-04T09:31:05.23,32,255,255,255,0,1100,7,160.530
2018-01-04T09:31:05.23,32,255,255,255,0,500,60,160.530
2018-01-04T09:31:05.23,32,255,255,255,0,500,7,160.530
2018-01-04T09:31:05.23,32,255,255,255,0,600,65,160.530
2018-01-04T09:31:05.23,32,255,255,255,0,500,65,160.530
2018-01-04T09:31:05.863,32,255,255,255,0,2700,57,160.530
2018-01-04T09:31:05.863,32,255,255,255,0,2700,57,160.530
2018-01-04T09:31:05.867,32,255,255,255,0,700,63,160.530
2018-01-04T09:31:05.873,32,255,255,255,0,1200,57,160.530
2018-01-04T09:31:05.898,32,255,255,255,0,900,1,160.530
2018-01-04T09:31:05.898,32,255,255,255,0,1300,7,160.530
2018-01-04T09:31:05.898,32,255,255,255,0,500,60,160.530
2018-01-04T09:31:05.906,32,255,255,255,0,700,63,160.540
2018-01-04T09:31:05.907,32,255,255,255,0,1100,57,160.5400
2018-01-04T09:31:05.909,32,255,255,255,0,600,57,160.540
2018-01-04T09:31:05.91,32,255,255,255,0,1600,9,160.540
2018-01-04T09:31:05.91,32,255,255,255,0,800,64,160.540
2018-01-04T09:31:05.91,32,255,255,255,0,700,57,160.540
2018-01-04T09:31:05.91,32,255,255,255,0,1600,7,160.540
2018-01-04T09:31:05.91,32,255,255,255,0,1300,7,160.540
2018-01-04T09:31:05.925,32,255,255,255,0,800,1,160.540
2018-01-04T09:31:05.926,32,255,255,255,0,600,7,160.540
2018-01-04T09:31:05.927,32,255,255,255,0,600,7,160.540
2018-01-04T09:31:05.973,32,255,255,255,0,500,57,160.540
2018-01-04T09:31:05.997,32,255,255,255,0,2200,57,160.550
2018-01-04T09:31:06.152,32,255,255,255,0,600,57,160.530
2018-01-04T09:31:07.408,32,255,255,255,0,500,57,160.5390
2018-01-04T09:31:07.778,32,95,255,255,95,900,1,160.5400
2018-01-04T09:31:07.778,32,95,255,255,95,1195,7,160.540
2018-01-04T09:31:09.999,32,255,255,255,0,1000,57,160.560
2018-01-04T09:31:10.149,32,95,255,255,95,900,1,160.560
2018-01-04T09:31:10.149,32,95,255,255,95,1300,7,160.560
2018-01-04T09:31:10.715,32,255,255,255,0,600,1,160.560
2018-01-04T09:31:10.731,32,255,255,255,0,500,60,160.560
2018-01-04T09:31:12.145,32,255,255,255,0,500,1,160.570
2018-01-04T09:31:12.145,32,255,255,255,0,600,1,160.570
2018-01-04T09:31:12.145,32,255,255,255,0,500,1,160.570
2018-01-04T09:31:13.676,32,255,255,255,0,625,57,160.550
2018-01-04T09:31:15.801,32,255,255,255,0,1600,7,160.570
2018-01-04T09:31:16.015,32,255,255,255,0,500,1,160.580
2018-01-04T09:31:16.015,32,255,255,255,0,500,7,160.580
2018-01-04T09:31:16.015,32,255,255,255,0,700,7,160.580
2018-01-04T09:31:16.015,32,255,255,255,0,1600,7,160.580
2018-01-04T09:31:16.015,32,255,255,255,0,500,65,160.580
2018-01-04T09:31:16.015,32,255,255,255,0,600,1,160.580
2018-01-04T09:31:16.022,32,95,255,255,95,700,7,160.580
2018-01-04T09:31:16.022,32,95,255,255,95,1200,7,160.580
2018-01-04T09:31:16.022,32,255,255,255,0,600,7,160.580
2018-01-04T09:31:16.023,32,255,255,255,0,667,1,160.590
2018-01-04T09:31:16.023,32,255,255,255,0,1301,1,160.590
2018-01-04T09:31:16.023,32,255,255,255,0,532,1,160.590
2018-01-04T09:31:16.023,32,255,255,255,0,600,1,160.590
2018-01-04T09:31:16.023,32,255,255,255,0,600,9,160.590
2018-01-04T09:31:16.023,32,255,255,255,0,1105,7,160.590
2018-01-04T09:31:16.035,32,255,255,255,0,600,7,160.590
2018-01-04T09:31:16.04,32,95,255,255,95,1334,65,160.600
2018-01-04T09:31:17.568,32,255,255,255,0,900,1,160.610
2018-01-04T09:31:17.568,32,255,255,255,0,1100,1,160.610
2018-01-04T09:31:17.568,32,255,255,255,0,500,7,160.610
2018-01-04T09:31:17.568,32,255,255,255,0,500,7,160.610
2018-01-04T09:31:17.809,32,255,255,255,0,500,7,160.600
2018-01-04T09:31:18.471,32,255,255,255,0,500,7,160.600
2018-01-04T09:31:18.648,32,95,255,255,95,2100,1,160.610
2018-01-04T09:31:18.966,32,255,255,255,0,600,57,160.5989
2018-01-04T09:31:18.969,32,255,255,255,0,500,57,160.600
2018-01-04T09:31:18.97,32,255,255,255,0,500,57,160.5986
2018-01-04T09:31:18.97,32,255,255,255,0,600,57,160.6000
2018-01-04T09:31:18.992,32,255,255,255,0,500,60,160.600
2018-01-04T09:31:21.379,32,255,255,255,0,800,63,160.620
2018-01-04T09:31:21.492,32,95,255,255,95,500,7,160.610
2018-01-04T09:31:22.278,32,255,255,255,0,2700,57,160.6111
2018-01-04T09:31:22.283,32,255,255,255,0,900,57,160.6111
2018-01-04T09:31:24.203,32,255,255,255,0,946,1,160.620
2018-01-04T09:31:25.217,32,255,255,255,0,500,1,160.620
2018-01-04T09:31:25.217,32,255,255,255,0,500,1,160.620
2018-01-04T09:31:25.217,32,255,255,255,0,900,1,160.620
2018-01-04T09:31:25.218,32,255,255,255,0,500,60,160.620
2018-01-04T09:31:26.969,32,255,255,255,0,1080,57,160.635
2018-01-04T09:31:27.101,32,255,255,255,0,500,1,160.630
2018-01-04T09:31:28.326,32,255,255,255,0,620,57,160.6372
2018-01-04T09:31:28.671,32,255,255,255,0,700,7,160.640
2018-01-04T09:31:28.671,32,255,255,255,0,1100,7,160.640
2018-01-04T09:31:29.414,32,255,255,255,0,600,65,160.640
2018-01-04T09:31:29.793,32,255,255,255,0,1000,1,160.650
2018-01-04T09:31:29.793,32,255,255,255,0,800,1,160.650
2018-01-04T09:31:29.793,32,255,255,255,0,700,1,160.650
2018-01-04T09:31:29.793,32,255,255,255,0,700,1,160.650
2018-01-04T09:31:31.88,32,255,255,255,0,800,1,160.660
2018-01-04T09:31:32.973,32,255,255,255,0,800,7,160.660
2018-01-04T09:31:32.973,32,255,255,255,0,800,7,160.660
2018-01-04T09:31:33.579,32,255,255,255,0,500,7,160.660
2018-01-04T09:31:36.754,32,255,255,255,0,700,1,160.680
2018-01-04T09:31:36.754,32,255,255,255,0,500,1,160.680
2018-01-04T09:31:36.754,32,255,255,255,0,500,7,160.680
2018-01-04T09:31:36.754,32,255,255,255,0,800,7,160.680
2018-01-04T09:31:40.194,32,255,255,255,0,600,1,160.700
2018-01-04T09:31:40.194,32,255,255,255,0,600,1,160.700
2018-01-04T09:31:40.194,32,255,255,255,0,572,1,160.700
2018-01-04T09:31:40.194,32,255,255,255,0,500,60,160.700
2018-01-04T09:31:40.195,32,255,255,255,0,500,60,160.700
2018-01-04T09:31:41.162,32,255,255,255,0,900,57,160.7016
2018-01-04T09:31:42.751,32,95,255,255,95,1019,7,160.720
2018-01-04T09:31:42.761,32,255,255,255,0,700,1,160.710
2018-01-04T09:31:42.763,32,255,255,255,0,1000,1,160.710
2018-01-04T09:31:44.349,32,255,255,255,0,900,1,160.720
2018-01-04T09:31:44.411,32,255,255,255,0,1600,7,160.710
2018-01-04T09:31:44.411,32,255,255,255,0,800,7,160.710
2018-01-04T09:31:44.411,32,255,255,255,0,1000,7,160.710
2018-01-04T09:31:44.411,32,255,255,255,0,1500,7,160.710
2018-01-04T09:31:44.411,32,95,255,255,95,600,1,160.710
2018-01-04T09:31:44.411,32,95,255,255,95,500,1,160.710
2018-01-04T09:31:44.411,32,95,255,255,95,800,1,160.710
2018-01-04T09:31:44.412,32,255,255,255,0,500,9,160.710
2018-01-04T09:31:44.412,32,95,255,255,95,800,65,160.710
2018-01-04T09:31:44.412,32,255,255,255,0,696,60,160.710
2018-01-04T09:31:45.515,32,255,255,255,0,3000,57,160.7013
2018-01-04T09:31:47.01,32,255,255,255,0,700,1,160.700
2018-01-04T09:31:47.023,32,95,255,255,95,500,1,160.670
2018-01-04T09:31:49.756,32,255,255,255,0,800,9,160.670
2018-01-04T09:31:49.761,32,255,255,255,0,650,57,160.670
2018-01-04T09:31:53.768,32,255,255,255,0,1244,57,160.667
2018-01-04T09:31:57.488,32,255,255,255,0,700,1,160.650
2018-01-04T09:31:57.49,32,95,255,255,95,700,7,160.650
2018-01-04T09:31:58.632,32,255,255,255,0,700,1,160.640
2018-01-04T09:31:58.633,32,255,255,255,0,700,7,160.640
2018-01-04T09:31:58.784,32,124,255,124,124,500,57,160.620
2018-01-04T09:32:00.391,32,255,255,255,0,700,1,160.600
2018-01-04T09:32:00.534,32,255,255,255,0,600,7,160.600
2018-01-04T09:32:01.412,32,255,255,255,0,700,7,160.590
2018-01-04T09:32:01.917,32,255,255,255,0,500,7,160.570
2018-01-04T09:32:02.137,32,95,255,255,95,1600,9,160.580
2018-01-04T09:32:02.137,32,95,255,255,95,800,9,160.580
2018-01-04T09:32:02.137,32,95,255,255,95,800,1,160.580
2018-01-04T09:32:02.137,32,95,255,255,95,1600,1,160.580
2018-01-04T09:32:02.137,32,95,255,255,95,1000,1,160.580
2018-01-04T09:32:02.139,32,95,255,255,95,900,60,160.580
2018-01-04T09:32:02.139,32,95,255,255,95,800,60,160.580
2018-01-04T09:32:02.713,32,255,255,255,0,900,57,160.5837
2018-01-04T09:32:02.925,32,255,255,255,0,800,7,160.5800
2018-01-04T09:32:02.986,32,255,255,255,0,800,1,160.590
2018-01-04T09:32:03.526,32,255,255,255,0,500,7,160.590
2018-01-04T09:32:03.526,32,255,255,255,0,500,7,160.590
2018-01-04T09:32:05.182,32,255,255,255,0,700,1,160.580
2018-01-04T09:32:06.417,32,255,255,255,0,600,1,160.600
2018-01-04T09:32:10.151,32,255,255,255,0,800,57,160.610
2018-01-04T09:32:10.152,32,255,255,255,0,800,57,160.610
2018-01-04T09:32:10.845,32,95,255,255,95,638,1,160.630
2018-01-04T09:32:12.904,32,255,255,255,0,600,1,160.640
2018-01-04T09:32:12.904,32,255,255,255,0,1000,60,160.640
2018-01-04T09:32:15.167,32,95,255,255,95,800,1,160.640
2018-01-04T09:32:15.887,32,95,255,255,95,600,17,160.620
2018-01-04T09:32:17.852,32,255,255,255,0,800,57,160.640
2018-01-04T09:32:17.854,32,255,255,255,0,800,57,160.640
2018-01-04T09:32:21.957,32,255,255,255,0,10000,57,160.6399
2018-01-04T09:32:23.27,32,255,255,255,0,600,65,160.6500
2018-01-04T09:32:23.27,32,255,255,255,0,500,65,160.650
2018-01-04T09:32:28.018,32,255,255,255,0,800,57,160.660
2018-01-04T09:32:28.331,32,255,255,255,0,600,1,160.670
2018-01-04T09:32:29.185,32,255,255,255,0,1000,57,160.666
2018-01-04T09:32:31.76,32,255,255,255,0,800,1,160.6800
2018-01-04T09:32:31.76,32,255,255,255,0,800,1,160.680
2018-01-04T09:32:32.623,32,255,255,255,0,1400,7,160.670
2018-01-04T09:32:32.728,32,255,255,255,0,1000,7,160.680
2018-01-04T09:32:36.726,32,95,255,255,95,800,1,160.660
2018-01-04T09:32:36.726,32,95,255,255,95,600,1,160.660
2018-01-04T09:32:36.726,32,95,255,255,95,800,60,160.660
2018-01-04T09:32:39.755,32,255,255,255,0,600,57,160.670
2018-01-04T09:32:43.959,32,255,255,255,0,500,59,160.686
2018-01-04T09:32:44.67,32,255,255,255,0,600,57,160.6800
2018-01-04T09:32:48.218,32,95,255,255,95,800,1,160.680
2018-01-04T09:32:48.254,32,255,255,255,0,600,1,160.680
2018-01-04T09:32:48.254,32,255,255,255,0,500,7,160.680
2018-01-04T09:32:48.509,32,95,255,255,95,640,60,160.670
2018-01-04T09:32:54.608,32,255,255,255,0,1400,7,160.700
2018-01-04T09:32:55.533,32,95,255,255,95,800,1,160.710
2018-01-04T09:32:57.155,32,95,255,255,95,1166,1,160.730
2018-01-04T09:32:57.156,32,95,255,255,95,750,7,160.740
2018-01-04T09:32:57.156,32,95,255,255,95,800,7,160.740
2018-01-04T09:32:58.084,32,255,255,255,0,708,7,160.740
2018-01-04T09:32:59.655,32,255,255,255,0,500,7,160.740
2018-01-04T09:32:59.655,32,255,255,255,0,700,7,160.740
2018-01-04T09:33:01.499,32,255,255,255,0,1000,57,160.730
2018-01-04T09:33:01.5,32,255,255,255,0,1000,57,160.727
2018-01-04T09:33:02.384,32,255,255,255,0,3300,57,160.7251
2018-01-04T09:33:06.956,32,255,255,255,0,1971,1,160.750
2018-01-04T09:33:08.404,32,255,255,255,0,1000,1,160.750
2018-01-04T09:33:08.404,32,255,255,255,0,800,1,160.750
2018-01-04T09:33:09.501,32,255,255,255,0,2700,57,160.740
2018-01-04T09:33:09.512,32,255,255,255,0,800,57,160.740
2018-01-04T09:33:09.968,32,255,255,255,0,1000,57,160.7341
2018-01-04T09:33:10.231,32,255,255,255,0,800,7,160.740
2018-01-04T09:33:10.248,32,95,255,255,95,600,17,160.740
2018-01-04T09:33:10.855,32,255,255,255,0,500,57,160.735
2018-01-04T09:33:13.31,32,255,255,255,0,2000,57,160.7399
2018-01-04T09:33:13.682,32,255,255,255,0,900,57,160.7400
2018-01-04T09:33:13.682,32,255,255,255,0,900,57,160.7370
2018-01-04T09:33:18.462,32,255,255,255,0,1200,1,160.750
2018-01-04T09:33:18.462,32,255,255,255,0,968,1,160.750
2018-01-04T09:33:18.476,32,95,255,255,95,600,7,160.730
2018-01-04T09:33:19.154,32,95,255,255,95,500,1,160.720
2018-01-04T09:33:19.154,32,95,255,255,95,800,65,160.720
2018-01-04T09:33:22.918,32,255,255,255,0,1250,57,160.7137
2018-01-04T09:33:25.031,32,255,255,255,0,500,7,160.682
2018-01-04T09:33:25.031,32,255,255,255,0,1100,7,160.682
2018-01-04T09:33:25.767,32,255,255,255,0,700,1,160.680
2018-01-04T09:33:25.975,32,95,255,255,95,1100,7,160.690
2018-01-04T09:33:30.501,32,255,255,255,0,1100,1,160.710
2018-01-04T09:33:41.702,32,255,255,255,0,900,1,160.740
2018-01-04T09:33:48.482,32,95,255,255,95,500,1,160.750
2018-01-04T09:33:48.482,32,95,255,255,95,500,7,160.750
2018-01-04T09:33:48.482,32,95,255,255,95,700,7,160.750
2018-01-04T09:33:48.482,32,95,255,255,95,1600,7,160.750
2018-01-04T09:33:52.16,32,255,255,255,0,746,1,160.770
2018-01-04T09:33:52.166,32,255,255,255,0,6400,57,160.770
2018-01-04T09:33:52.765,32,255,255,255,0,500,57,160.7699
2018-01-04T09:33:52.766,32,255,255,255,0,500,57,160.7700
2018-01-04T09:33:52.766,32,255,255,255,0,500,57,160.7699
2018-01-04T09:33:52.767,32,255,255,255,0,964,65,160.770
2018-01-04T09:33:52.767,32,255,255,255,0,951,65,160.770
2018-01-04T09:33:52.77,32,255,255,255,0,964,57,160.7699
2018-01-04T09:33:52.771,32,255,255,255,0,951,57,160.7699
2018-01-04T09:33:52.771,32,255,255,255,0,500,57,160.7700
2018-01-04T09:33:52.772,32,255,255,255,0,4049,57,160.7700
2018-01-04T09:33:54.198,32,255,255,255,0,651,57,160.775
2018-01-04T09:33:56.677,32,255,255,255,0,1000,7,160.760
2018-01-04T09:33:56.677,32,255,255,255,0,500,7,160.760
2018-01-04T09:34:05.028,32,255,255,255,0,1600,7,160.720
2018-01-04T09:34:05.046,32,95,255,255,95,500,17,160.720
2018-01-04T09:34:05.894,32,255,255,255,0,600,57,160.7264
2018-01-04T09:34:07.705,32,255,255,255,0,600,1,160.740
2018-01-04T09:34:08.383,32,255,255,255,0,1050,57,160.7396
2018-01-04T09:34:09.58,32,255,255,255,0,600,57,160.740
2018-01-04T09:34:12.159,32,255,255,255,0,700,7,160.750
2018-01-04T09:34:14.825,32,255,255,255,0,621,57,160.7699
2018-01-04T09:34:16.156,32,255,255,255,0,600,7,160.770
2018-01-04T09:34:19.201,32,255,255,255,0,554,57,160.742
2018-01-04T09:34:20.934,32,255,255,255,0,1000,11,160.749
2018-01-04T09:34:20.935,32,255,255,255,0,1000,63,160.749
2018-01-04T09:34:20.935,32,255,255,255,0,1500,63,160.749
2018-01-04T09:34:20.938,32,255,255,255,0,2319,57,160.7499
2018-01-04T09:34:20.938,32,255,255,255,0,700,57,160.7450
2018-01-04T09:34:20.939,32,255,255,255,0,3200,57,160.7450
2018-01-04T09:34:20.942,32,255,255,255,0,1100,57,160.7399
2018-01-04T09:34:25.952,32,255,255,255,0,500,57,160.7358
2018-01-04T09:34:29.112,32,95,255,255,95,1100,7,160.730
2018-01-04T09:34:31.745,32,255,255,255,0,500,1,160.730
2018-01-04T09:34:31.745,32,95,255,255,95,1600,7,160.730
2018-01-04T09:34:34.347,32,255,255,255,0,800,1,160.710
2018-01-04T09:34:34.89,32,255,255,255,0,500,57,160.730
2018-01-04T09:34:35.041,32,95,255,255,95,1600,7,160.720
2018-01-04T09:34:35.046,32,95,255,255,95,600,17,160.720
2018-01-04T09:34:35.063,32,255,255,255,0,600,7,160.700
2018-01-04T09:34:35.695,32,255,255,255,0,3560,57,160.700
2018-01-04T09:34:36.435,32,255,255,255,0,700,7,160.690
2018-01-04T09:34:37.35,32,95,255,255,95,647,1,160.680
2018-01-04T09:34:37.351,32,95,255,255,95,847,7,160.680
2018-01-04T09:34:37.659,32,255,255,255,0,680,57,160.685
2018-01-04T09:34:37.869,32,255,255,255,0,800,1,160.690
2018-01-04T09:34:38.792,32,255,255,255,0,4300,1,160.670
2018-01-04T09:34:39.815,32,255,255,255,0,700,1,160.650
2018-01-04T09:34:39.815,32,255,255,255,0,700,7,160.650
2018-01-04T09:34:39.831,32,255,255,255,0,1682,57,160.650
2018-01-04T09:34:40.385,32,124,255,124,124,500,57,160.650
2018-01-04T09:34:44.59,32,255,255,255,0,800,65,160.650
2018-01-04T09:34:46.274,32,255,255,255,0,500,1,160.6300
2018-01-04T09:34:46.274,32,255,255,255,0,700,1,160.6300
2018-01-04T09:34:47.313,32,95,255,255,95,800,65,160.630
2018-01-04T09:34:47.313,32,95,255,255,95,1600,7,160.630
2018-01-04T09:34:47.313,32,95,255,255,95,800,7,160.630
2018-01-04T09:34:47.313,32,95,255,255,95,900,7,160.630
2018-01-04T09:34:47.313,32,95,255,255,95,1000,7,160.630
2018-01-04T09:34:49.371,32,255,255,255,0,700,7,160.640
2018-01-04T09:34:52.225,32,255,255,255,0,500,1,160.680
2018-01-04T09:34:52.696,32,255,255,255,0,1500,57,160.680
2018-01-04T09:34:55.338,32,255,255,255,0,700,7,160.650
2018-01-04T09:34:58.28,32,255,255,255,0,600,1,160.670
2018-01-04T09:35:03.52,32,255,255,255,0,12500,57,160.650
2018-01-04T09:35:04.641,32,255,255,255,0,700,57,160.669
2018-01-04T09:35:05.506,32,255,255,255,0,1000,57,160.6638
2018-01-04T09:35:12.303,32,255,255,255,0,500,59,160.630
2018-01-04T09:35:15.156,32,95,255,255,95,700,1,160.610
2018-01-04T09:35:16.372,32,255,255,255,0,700,1,160.590
2018-01-04T09:35:16.373,32,255,255,255,0,700,7,160.590
2018-01-04T09:35:22.854,32,255,255,255,0,700,7,160.600
2018-01-04T09:35:22.854,32,255,255,255,0,500,7,160.600
2018-01-04T09:35:22.957,32,255,255,255,0,3700,57,160.6001
2018-01-04T09:35:24.261,32,255,255,255,0,600,65,160.600
2018-01-04T09:35:26.78,32,255,255,255,0,800,1,160.600
2018-01-04T09:35:26.78,32,255,255,255,0,800,9,160.600
2018-01-04T09:35:26.78,32,255,255,255,0,600,60,160.600
2018-01-04T09:35:26.78,32,255,255,255,0,600,60,160.600
2018-01-04T09:35:26.78,32,255,255,255,0,1600,7,160.600
2018-01-04T09:35:26.829,32,255,255,255,0,600,7,160.590
2018-01-04T09:35:33.915,32,255,255,255,0,600,7,160.610
2018-01-04T09:35:33.925,32,255,255,255,0,722,60,160.630
2018-01-04T09:35:33.946,32,95,255,255,95,600,17,160.620
2018-01-04T09:35:33.947,32,95,255,255,95,566,65,160.630
2018-01-04T09:35:35.279,32,95,255,255,95,500,17,160.640
2018-01-04T09:35:35.495,32,255,255,255,0,500,7,160.640
2018-01-04T09:35:35.495,32,95,255,255,95,500,65,160.640
2018-01-04T09:35:36.593,32,255,255,255,0,500,60,160.640
2018-01-04T09:35:36.593,32,255,255,255,0,500,60,160.640
2018-01-04T09:35:37.943,32,255,255,255,0,900,57,160.635
2018-01-04T09:35:46.13,32,255,255,255,0,4000,59,160.634
2018-01-04T09:35:50.192,32,95,255,255,95,540,7,160.610
2018-01-04T09:35:56.36,32,255,255,255,0,1000,57,160.620
2018-01-04T09:35:58.949,32,255,255,255,0,681,7,160.610
2018-01-04T09:36:02.296,32,95,255,255,95,800,1,160.610
2018-01-04T09:36:02.296,32,95,255,255,95,500,1,160.620
2018-01-04T09:36:02.296,32,95,255,255,95,500,1,160.620
2018-01-04T09:36:02.296,32,95,255,255,95,600,1,160.630
2018-01-04T09:36:02.296,32,95,255,255,95,800,60,160.620
2018-01-04T09:36:02.296,32,95,255,255,95,800,65,160.620
2018-01-04T09:36:02.296,32,95,255,255,95,1100,65,160.630
2018-01-04T09:36:02.296,32,95,255,255,95,500,60,160.630
2018-01-04T09:36:02.297,32,95,255,255,95,1600,7,160.610
2018-01-04T09:36:02.297,32,95,255,255,95,800,7,160.610
2018-01-04T09:36:02.297,32,95,255,255,95,1400,7,160.610
2018-01-04T09:36:02.305,32,95,255,255,95,1600,60,160.640
2018-01-04T09:36:02.321,32,95,255,255,95,700,1,160.680
2018-01-04T09:36:02.329,32,255,255,255,0,800,60,160.690
2018-01-04T09:36:02.348,32,255,255,255,0,930,1,160.710
2018-01-04T09:36:02.353,32,255,255,255,0,700,1,160.710
2018-01-04T09:36:02.396,32,255,255,255,0,800,60,160.710
2018-01-04T09:36:02.408,32,255,255,255,0,800,57,160.700
2018-01-04T09:36:02.421,32,255,255,255,0,800,57,160.700
2018-01-04T09:36:02.602,32,255,255,255,0,678,60,160.710
2018-01-04T09:36:02.607,32,255,255,255,0,1500,57,160.710
2018-01-04T09:36:02.609,32,95,255,255,95,800,65,160.710
2018-01-04T09:36:02.801,32,255,255,255,0,1000,57,160.705
2018-01-04T09:36:04.965,32,95,255,255,95,603,11,160.700
2018-01-04T09:36:05.226,32,255,255,255,0,800,57,160.700
2018-01-04T09:36:10.674,32,255,255,255,0,1000,57,160.700
2018-01-04T09:36:13.935,32,255,255,255,0,800,7,160.720
2018-01-04T09:36:13.951,32,255,255,255,0,600,17,160.720
2018-01-04T09:36:13.962,32,255,255,255,0,800,7,160.720
2018-01-04T09:36:13.965,32,255,255,255,0,9000,57,160.719
2018-01-04T09:36:15.366,32,95,255,255,95,510,60,160.730
2018-01-04T09:36:16.759,32,255,255,255,0,700,65,160.730
2018-01-04T09:36:16.903,32,95,255,255,95,800,1,160.730
2018-01-04T09:36:16.904,32,95,255,255,95,800,7,160.730
2018-01-04T09:36:18.034,32,255,255,255,0,600,57,160.740
2018-01-04T09:36:20.014,32,255,255,255,0,600,65,160.730
2018-01-04T09:36:20.391,32,95,255,255,95,500,1,160.720
2018-01-04T09:36:20.399,32,255,255,255,0,600,1,160.750
2018-01-04T09:36:20.406,32,255,255,255,0,800,7,160.750
2018-01-04T09:36:20.406,32,255,255,255,0,1200,7,160.750
2018-01-04T09:36:20.435,32,255,255,255,0,900,7,160.750
2018-01-04T09:36:23.443,32,255,255,255,0,500,1,160.740
2018-01-04T09:36:24.729,32,255,255,255,0,600,1,160.730
2018-01-04T09:36:32.973,32,255,255,255,0,1000,7,160.750
2018-01-04T09:36:32.973,32,255,255,255,0,800,7,160.750
2018-01-04T09:36:32.973,32,95,255,255,95,800,1,160.750
2018-01-04T09:36:32.973,32,95,255,255,95,800,60,160.750
2018-01-04T09:36:32.973,32,95,255,255,95,1100,1,160.750
2018-01-04T09:36:32.973,32,95,255,255,95,800,65,160.750
2018-01-04T09:36:32.973,32,95,255,255,95,500,60,160.750
2018-01-04T09:36:32.973,32,95,255,255,95,500,65,160.750
2018-01-04T09:36:32.974,32,95,255,255,95,800,9,160.750
2018-01-04T09:36:32.976,32,95,255,255,95,700,1,160.750
2018-01-04T09:36:32.978,32,95,255,255,95,500,1,160.750
2018-01-04T09:36:33.458,32,255,255,255,0,2000,59,160.746
2018-01-04T09:36:33.56,32,255,255,255,0,1200,7,160.750
2018-01-04T09:36:38.638,32,255,255,255,0,500,1,160.760
2018-01-04T09:36:40.795,32,95,255,255,95,800,60,160.730
2018-01-04T09:36:42.391,32,255,255,255,0,645,1,160.770
2018-01-04T09:36:42.399,32,255,255,255,0,600,57,160.770
2018-01-04T09:36:44.738,32,255,255,255,0,1000,59,160.7633
2018-01-04T09:36:51.327,32,255,255,255,0,1200,7,160.750
2018-01-04T09:36:51.933,32,95,255,255,95,800,1,160.740
2018-01-04T09:36:51.933,32,95,255,255,95,500,1,160.740
2018-01-04T09:36:51.933,32,95,255,255,95,500,1,160.730
2018-01-04T09:36:51.933,32,95,255,255,95,500,1,160.730
2018-01-04T09:36:51.933,32,95,255,255,95,1600,65,160.730
2018-01-04T09:36:51.933,32,95,255,255,95,700,65,160.730
2018-01-04T09:36:51.933,32,95,255,255,95,2500,7,160.730
2018-01-04T09:36:51.933,32,95,255,255,95,700,7,160.730
2018-01-04T09:36:51.933,32,95,255,255,95,700,7,160.730
2018-01-04T09:36:51.933,32,95,255,255,95,700,7,160.730
2018-01-04T09:36:56.153,32,255,255,255,0,1000,57,160.740
2018-01-04T09:36:57.83,32,95,255,255,95,500,1,160.730
2018-01-04T09:36:57.83,32,95,255,255,95,500,1,160.740
2018-01-04T09:36:57.83,32,95,255,255,95,600,1,160.740
2018-01-04T09:36:57.831,32,95,255,255,95,1600,7,160.730
2018-01-04T09:36:57.837,32,255,255,255,0,700,1,160.760
2018-01-04T09:36:57.843,32,95,255,255,95,700,1,160.760
2018-01-04T09:36:57.846,32,255,255,255,0,800,7,160.760
2018-01-04T09:36:57.869,32,255,255,255,0,800,60,160.770
2018-01-04T09:36:57.878,32,255,255,255,0,600,65,160.780
2018-01-04T09:36:57.879,32,255,255,255,0,800,60,160.780
2018-01-04T09:37:00.648,32,255,255,255,0,700,7,160.790
2018-01-04T09:37:00.648,32,255,255,255,0,545,7,160.790
2018-01-04T09:37:01.004,32,255,255,255,0,500,1,160.780
2018-01-04T09:37:02.337,32,255,255,255,0,500,1,160.780
2018-01-04T09:37:02.337,32,255,255,255,0,500,1,160.780
2018-01-04T09:37:02.337,32,255,255,255,0,865,1,160.780
2018-01-04T09:37:02.337,32,255,255,255,0,600,65,160.780
2018-01-04T09:37:02.337,32,255,255,255,0,600,60,160.780
2018-01-04T09:37:02.337,32,255,255,255,0,1000,60,160.780
2018-01-04T09:37:02.337,32,255,255,255,0,1600,7,160.780
2018-01-04T09:37:02.341,32,255,255,255,0,1300,7,160.780
2018-01-04T09:37:02.355,32,255,255,255,0,500,1,160.780
2018-01-04T09:37:02.368,32,255,255,255,0,500,11,160.790
2018-01-04T09:37:02.368,32,255,255,255,0,700,1,160.790
2018-01-04T09:37:02.368,32,255,255,255,0,500,63,160.790
2018-01-04T09:37:02.368,32,255,255,255,0,1000,7,160.790
2018-01-04T09:37:02.368,32,255,255,255,0,700,7,160.790
2018-01-04T09:37:02.368,32,255,255,255,0,1400,7,160.790
2018-01-04T09:37:02.887,32,255,255,255,0,800,9,160.780
2018-01-04T09:37:02.887,32,255,255,255,0,500,1,160.780
2018-01-04T09:37:04.308,32,255,255,255,0,1600,7,160.770
2018-01-04T09:37:08.191,32,255,255,255,0,1700,57,160.760
2018-01-04T09:37:08.205,32,255,255,255,0,500,1,160.760
2018-01-04T09:37:08.206,32,255,255,255,0,600,7,160.760
2018-01-04T09:37:10.249,32,255,255,255,0,700,57,160.760
2018-01-04T09:37:10.26,32,255,255,255,0,7000,57,160.760
2018-01-04T09:37:10.261,32,255,255,255,0,1600,57,160.760
2018-01-04T09:37:14.726,32,255,255,255,0,1000,1,160.750
2018-01-04T09:37:14.727,32,255,255,255,0,800,1,160.750
2018-01-04T09:37:21.602,32,255,255,255,0,500,1,160.750
2018-01-04T09:37:21.706,32,255,255,255,0,1078,60,160.750
2018-01-04T09:37:21.706,32,255,255,255,0,1200,1,160.750
2018-01-04T09:37:26.39,32,95,255,255,95,800,65,160.740
2018-01-04T09:37:26.398,32,255,255,255,0,700,1,160.730
2018-01-04T09:37:26.398,32,255,255,255,0,700,7,160.730
2018-01-04T09:37:26.404,32,255,255,255,0,800,60,160.720
2018-01-04T09:37:28.53,32,95,255,255,95,700,1,160.730
2018-01-04T09:37:28.53,32,95,255,255,95,500,1,160.730
2018-01-04T09:37:28.53,32,95,255,255,95,700,1,160.730
2018-01-04T09:37:28.532,32,95,255,255,95,500,7,160.730
2018-01-04T09:37:34.996,32,255,255,255,0,500,57,160.720
2018-01-04T09:37:37.281,32,255,255,255,0,500,57,160.710
2018-01-04T09:37:37.283,32,255,255,255,0,1500,7,160.710
2018-01-04T09:37:37.283,32,255,255,255,0,1100,7,160.710
2018-01-04T09:37:37.283,32,95,255,255,95,1428,7,160.710
2018-01-04T09:37:37.286,32,255,255,255,0,706,1,160.710
2018-01-04T09:37:37.287,32,255,255,255,0,677,7,160.705
2018-01-04T09:37:42.279,32,255,255,255,0,600,1,160.710
2018-01-04T09:37:45.739,32,255,255,255,0,500,57,160.685
2018-01-04T09:37:50.658,32,255,255,255,0,620,57,160.7059
2018-01-04T09:38:03.392,32,255,255,255,0,800,60,160.690
2018-01-04T09:38:03.392,32,255,255,255,0,1600,7,160.690
2018-01-04T09:38:03.392,32,255,255,255,0,800,65,160.690
2018-01-04T09:38:03.393,32,255,255,255,0,600,7,160.690
2018-01-04T09:38:03.414,32,255,255,255,0,1600,7,160.690
2018-01-04T09:38:07.311,32,255,255,255,0,600,9,160.640
2018-01-04T09:38:07.311,32,255,255,255,0,1100,9,160.630
2018-01-04T09:38:07.311,32,255,255,255,0,900,9,160.630
2018-01-04T09:38:07.311,32,255,255,255,0,800,9,160.630
2018-01-04T09:38:07.311,32,255,255,255,0,800,11,160.630
2018-01-04T09:38:07.329,32,255,255,255,0,500,1,160.630
2018-01-04T09:38:09.335,32,95,255,255,95,500,1,160.640
2018-01-04T09:38:09.335,32,95,255,255,95,700,1,160.640
2018-01-04T09:38:09.335,32,95,255,255,95,1500,1,160.630
2018-01-04T09:38:09.336,32,95,255,255,95,500,7,160.640
2018-01-04T09:38:09.336,32,95,255,255,95,600,7,160.640
2018-01-04T09:38:09.336,32,95,255,255,95,1600,7,160.630
2018-01-04T09:38:10.905,32,255,255,255,0,500,57,160.615
2018-01-04T09:38:14.324,32,95,255,255,95,1212,65,160.600
2018-01-04T09:38:14.33,32,255,255,255,0,1305,59,160.600
2018-01-04T09:38:15.354,32,95,255,255,95,777,7,160.600
2018-01-04T09:38:15.982,32,255,255,255,0,3000,57,160.6049
2018-01-04T09:38:18.81,32,255,255,255,0,500,57,160.620
2018-01-04T09:38:21.233,32,255,255,255,0,500,57,160.640
2018-01-04T09:38:25.935,32,255,255,255,0,500,59,160.656
2018-01-04T09:38:26.659,32,255,255,255,0,500,7,160.660
2018-01-04T09:38:32.342,32,255,255,255,0,5000,1,160.620
2018-01-04T09:38:37.224,32,255,255,255,0,722,7,160.610
2018-01-04T09:38:37.857,32,95,255,255,95,500,7,160.590
2018-01-04T09:38:39.583,32,255,255,255,0,900,7,160.5900
2018-01-04T09:38:41.052,32,95,255,255,95,1200,7,160.590
2018-01-04T09:38:41.06,32,95,255,255,95,849,1,160.580
2018-01-04T09:38:42.287,32,255,255,255,0,600,65,160.560
2018-01-04T09:38:43.476,32,255,255,255,0,509,65,160.560
2018-01-04T09:38:45.479,32,255,255,255,0,1019,57,160.550
2018-01-04T09:38:45.48,32,255,255,255,0,952,57,160.550
2018-01-04T09:38:45.485,32,255,255,255,0,3300,57,160.550
2018-01-04T09:38:53.676,32,255,255,255,0,2500,57,160.5451
2018-01-04T09:38:57.497,32,255,255,255,0,1000,59,160.532
2018-01-04T09:38:58.142,32,255,255,255,0,1788,57,160.5200
2018-01-04T09:38:58.143,32,255,255,255,0,1788,57,160.520
2018-01-04T09:38:58.184,32,255,255,255,0,1000,1,160.510
2018-01-04T09:38:59.55,32,95,255,255,95,1100,9,160.490
2018-01-04T09:38:59.55,32,95,255,255,95,600,64,160.480
2018-01-04T09:38:59.55,32,95,255,255,95,800,64,160.480
2018-01-04T09:38:59.551,32,95,255,255,95,500,1,160.480
2018-01-04T09:38:59.551,32,95,255,255,95,1600,1,160.480
2018-01-04T09:38:59.551,32,95,255,255,95,600,63,160.480
2018-01-04T09:38:59.551,32,95,255,255,95,800,63,160.480
2018-01-04T09:38:59.551,32,95,255,255,95,800,60,160.480
2018-01-04T09:38:59.551,32,95,255,255,95,800,60,160.480
2018-01-04T09:38:59.551,32,255,255,255,0,500,9,160.490
2018-01-04T09:38:59.551,32,255,255,255,0,600,1,160.490
2018-01-04T09:38:59.551,32,95,255,255,95,800,65,160.480
2018-01-04T09:38:59.551,32,95,255,255,95,800,65,160.480
2018-01-04T09:38:59.551,32,95,255,255,95,500,7,160.490
2018-01-04T09:38:59.551,32,95,255,255,95,1600,7,160.490
2018-01-04T09:38:59.551,32,95,255,255,95,1400,7,160.480
2018-01-04T09:38:59.57,32,95,255,255,95,600,17,160.480
2018-01-04T09:38:59.575,32,95,255,255,95,500,60,160.480
2018-01-04T09:38:59.577,32,95,255,255,95,500,60,160.480
2018-01-04T09:38:59.636,32,255,255,255,0,2800,57,160.480
2018-01-04T09:39:00.808,32,255,255,255,0,700,7,160.510
2018-01-04T09:39:00.808,32,255,255,255,0,900,7,160.510
2018-01-04T09:39:05.085,32,95,255,255,95,500,1,160.500
2018-01-04T09:39:05.086,32,95,255,255,95,1000,7,160.500
2018-01-04T09:39:05.086,32,95,255,255,95,600,7,160.500
2018-01-04T09:39:07.141,32,255,255,255,0,1250,57,160.5099
2018-01-04T09:39:07.87,32,255,255,255,0,1000,63,160.4900
2018-01-04T09:39:07.871,32,255,255,255,0,600,1,160.490
2018-01-04T09:39:12.617,32,255,255,255,0,1000,57,160.487
2018-01-04T09:39:12.907,32,255,255,255,0,1000,57,160.495
2018-01-04T09:39:16.12,32,95,255,255,95,500,7,160.470
2018-01-04T09:39:19.851,32,255,255,255,0,600,1,160.470
2018-01-04T09:39:20.154,32,255,255,255,0,625,7,160.470
2018-01-04T09:39:21.166,32,95,255,255,95,500,7,160.470
2018-01-04T09:39:23.093,32,95,255,255,95,500,1,160.490
2018-01-04T09:39:23.093,32,95,255,255,95,900,1,160.490
2018-01-04T09:39:23.093,32,95,255,255,95,500,63,160.490
2018-01-04T09:39:23.093,32,95,255,255,95,1100,65,160.490
2018-01-04T09:39:23.093,32,95,255,255,95,700,60,160.490
2018-01-04T09:39:29.264,32,255,255,255,0,600,1,160.510
2018-01-04T09:39:29.264,32,255,255,255,0,500,1,160.510
2018-01-04T09:39:30.943,32,255,255,255,0,500,57,160.518
2018-01-04T09:39:36.697,32,95,255,255,95,800,1,160.480
2018-01-04T09:39:36.698,32,95,255,255,95,1600,7,160.480
2018-01-04T09:39:36.703,32,95,255,255,95,600,17,160.480
2018-01-04T09:39:36.709,32,255,255,255,0,600,7,160.470
2018-01-04T09:39:40.398,32,95,255,255,95,1100,1,160.460
2018-01-04T09:39:40.399,32,95,255,255,95,800,65,160.460
2018-01-04T09:39:40.399,32,95,255,255,95,500,60,160.460
2018-01-04T09:39:40.415,32,95,255,255,95,700,17,160.460
2018-01-04T09:39:46.309,32,95,255,255,95,584,7,160.480
2018-01-04T09:39:47.309,32,255,255,255,0,1700,57,160.480
2018-01-04T09:39:49.754,32,95,255,255,95,500,65,160.480
2018-01-04T09:39:49.754,32,255,255,255,0,912,1,160.480
2018-01-04T09:39:49.813,32,255,255,255,0,900,57,160.475
2018-01-04T09:39:54.958,32,255,255,255,0,500,57,160.4662
2018-01-04T09:40:00.183,32,255,255,255,0,500,65,160.450
2018-01-04T09:40:00.183,32,255,255,255,0,585,7,160.450
2018-01-04T09:40:00.675,32,255,255,255,0,681,1,160.440
2018-01-04T09:40:01.398,32,255,255,255,0,600,1,160.4300
2018-01-04T09:40:01.398,32,255,255,255,0,600,7,160.4300
2018-01-04T09:40:03.456,32,255,255,255,0,2000,57,160.4399
2018-01-04T09:40:05.703,32,255,255,255,0,600,7,160.430
2018-01-04T09:40:09.967,32,255,255,255,0,1000,1,160.400
2018-01-04T09:40:09.973,32,255,255,255,0,500,57,160.390
2018-01-04T09:40:10.302,32,255,255,255,0,900,7,160.390
2018-01-04T09:40:10.304,32,255,255,255,0,500,57,160.390
2018-01-04T09:40:10.782,32,255,255,255,0,700,57,160.385
2018-01-04T09:40:10.784,32,255,255,255,0,500,57,160.385
2018-01-04T09:40:10.785,32,255,255,255,0,700,59,160.385
2018-01-04T09:40:10.788,32,255,255,255,0,500,57,160.385
2018-01-04T09:40:10.788,32,255,255,255,0,500,57,160.385
2018-01-04T09:40:10.904,32,255,255,255,0,500,57,160.385
2018-01-04T09:40:10.904,32,255,255,255,0,500,57,160.385
2018-01-04T09:40:10.908,32,255,255,255,0,1200,57,160.385
2018-01-04T09:40:11.392,32,255,255,255,0,1900,57,160.390
2018-01-04T09:40:11.449,32,255,255,255,0,1600,57,160.390
2018-01-04T09:40:12.973,32,95,255,255,95,500,7,160.440
2018-01-04T09:40:12.973,32,255,255,255,0,1100,7,160.440
2018-01-04T09:40:18.722,32,255,255,255,0,500,1,160.460
2018-01-04T09:40:25.455,32,95,255,255,95,800,7,160.410
2018-01-04T09:40:26.963,32,255,255,255,0,1488,57,160.4022
2018-01-04T09:40:27.773,32,255,255,255,0,800,1,160.4000
2018-01-04T09:40:27.773,32,255,255,255,0,1600,7,160.400
2018-01-04T09:40:30.524,32,95,255,255,95,700,17,160.390
2018-01-04T09:40:30.688,32,255,255,255,0,1200,7,160.420
2018-01-04T09:40:37.22,32,255,255,255,0,1000,1,160.460
2018-01-04T09:40:37.665,32,95,255,255,95,500,1,160.450
2018-01-04T09:40:37.665,32,95,255,255,95,500,1,160.450
2018-01-04T09:40:44.119,32,255,255,255,0,1806,59,160.400
2018-01-04T09:40:46.132,32,255,255,255,0,2994,59,160.400
2018-01-04T09:40:48.547,32,95,255,255,95,600,65,160.390
2018-01-04T09:40:48.554,32,255,255,255,0,800,7,160.390
2018-01-04T09:40:48.554,32,255,255,255,0,800,7,160.390
2018-01-04T09:40:50.92,32,95,255,255,95,1500,7,160.400
2018-01-04T09:40:52.626,32,255,255,255,0,1100,7,160.410
2018-01-04T09:40:53.874,32,255,255,255,0,500,60,160.410
2018-01-04T09:40:53.874,32,255,255,255,0,500,60,160.410
2018-01-04T09:40:53.874,32,255,255,255,0,600,65,160.410
2018-01-04T09:40:53.874,32,255,255,255,0,500,60,160.410
2018-01-04T09:40:53.874,32,95,255,255,95,900,7,160.410
2018-01-04T09:40:53.874,32,95,255,255,95,600,7,160.410
2018-01-04T09:40:53.874,32,255,255,255,0,681,65,160.410
2018-01-04T09:40:55.547,32,255,255,255,0,800,60,160.380
2018-01-04T09:40:55.556,32,255,255,255,0,1644,1,160.360
2018-01-04T09:40:55.934,32,255,255,255,0,1255,1,160.360
2018-01-04T09:40:55.94,32,95,255,255,95,600,1,160.350
2018-01-04T09:40:55.94,32,95,255,255,95,600,1,160.350
2018-01-04T09:40:55.94,32,95,255,255,95,1000,1,160.350
2018-01-04T09:40:55.94,32,95,255,255,95,1200,65,160.350
2018-01-04T09:40:55.94,32,95,255,255,95,615,60,160.350
2018-01-04T09:40:55.95,32,95,255,255,95,500,1,160.320
2018-01-04T09:40:55.954,32,95,255,255,95,600,65,160.320
2018-01-04T09:40:56.009,32,255,255,255,0,1400,57,160.330
2018-01-04T09:40:56.081,32,255,255,255,0,600,57,160.340
2018-01-04T09:40:56.092,32,255,255,255,0,600,57,160.340
2018-01-04T09:40:57.083,32,255,255,255,0,800,1,160.340
2018-01-04T09:40:58.011,32,95,255,255,95,538,65,160.340
2018-01-04T09:40:58.048,32,255,255,255,0,500,57,160.335
2018-01-04T09:40:58.05,32,255,255,255,0,1100,57,160.335
2018-01-04T09:40:58.658,32,95,255,255,95,500,1,160.320
2018-01-04T09:40:58.658,32,95,255,255,95,500,1,160.320
2018-01-04T09:40:58.658,32,95,255,255,95,500,1,160.320
2018-01-04T09:40:58.659,32,95,255,255,95,4800,7,160.330
2018-01-04T09:40:58.659,32,95,255,255,95,500,7,160.320
2018-01-04T09:40:58.663,32,255,255,255,0,700,1,160.310
2018-01-04T09:40:58.665,32,95,255,255,95,500,1,160.300
2018-01-04T09:40:58.686,32,95,255,255,95,500,17,160.310
2018-01-04T09:40:58.686,32,95,255,255,95,800,1,160.310
2018-01-04T09:40:59.75,32,255,255,255,0,576,57,160.310
2018-01-04T09:40:59.998,32,95,255,255,95,700,7,160.330
2018-01-04T09:41:00.63,32,255,255,255,0,1000,1,160.330
2018-01-04T09:41:00.729,32,255,255,255,0,500,57,160.325
2018-01-04T09:41:00.982,32,255,255,255,0,800,65,160.320
2018-01-04T09:41:02.524,32,255,255,255,0,600,1,160.310
2018-01-04T09:41:02.525,32,255,255,255,0,500,7,160.310
2018-01-04T09:41:05.812,32,255,255,255,0,1000,1,160.350
2018-01-04T09:41:06.017,32,255,255,255,0,500,57,160.340
2018-01-04T09:41:06.098,32,95,255,255,95,600,1,160.330
2018-01-04T09:41:06.098,32,95,255,255,95,600,1,160.330
2018-01-04T09:41:06.098,32,95,255,255,95,600,7,160.330
2018-01-04T09:41:06.103,32,255,255,255,0,700,7,160.320
2018-01-04T09:41:06.949,32,255,255,255,0,800,1,160.330
2018-01-04T09:41:07.453,32,255,255,255,0,522,1,160.340
2018-01-04T09:41:07.453,32,255,255,255,0,1279,7,160.335
2018-01-04T09:41:15.401,32,255,255,255,0,500,7,160.3500
2018-01-04T09:41:15.931,32,95,255,255,95,600,7,160.350
2018-01-04T09:41:16.297,32,255,255,255,0,500,1,160.340
2018-01-04T09:41:18.962,32,95,255,255,95,800,1,160.350
2018-01-04T09:41:19.524,32,255,255,255,0,500,57,160.340
2018-01-04T09:41:20.73,32,255,255,255,0,1788,57,160.2922
2018-01-04T09:41:21.347,32,255,255,255,0,500,1,160.2900
2018-01-04T09:41:21.347,32,255,255,255,0,1500,1,160.290
2018-01-04T09:41:21.347,32,255,255,255,0,547,60,160.290
2018-01-04T09:41:21.412,32,255,255,255,0,600,1,160.280
2018-01-04T09:41:21.412,32,255,255,255,0,600,1,160.280
2018-01-04T09:41:21.412,32,95,255,255,95,600,7,160.280
2018-01-04T09:41:21.472,32,255,255,255,0,1000,57,160.275
2018-01-04T09:41:22.041,32,95,255,255,95,600,1,160.290
2018-01-04T09:41:22.041,32,95,255,255,95,800,7,160.280
2018-01-04T09:41:22.041,32,95,255,255,95,1600,7,160.290
2018-01-04T09:41:23.116,32,95,255,255,95,1000,1,160.300
2018-01-04T09:41:23.154,32,255,255,255,0,600,1,160.280
2018-01-04T09:41:23.154,32,255,255,255,0,1000,1,160.280
2018-01-04T09:41:23.971,32,255,255,255,0,1000,57,160.300
2018-01-04T09:41:24.52,32,95,255,255,95,800,1,160.300
2018-01-04T09:41:26.325,32,255,255,255,0,500,1,160.310
2018-01-04T09:41:26.325,32,255,255,255,0,500,1,160.310
2018-01-04T09:41:30.513,32,255,255,255,0,1500,7,160.320
2018-01-04T09:41:30.513,32,255,255,255,0,900,7,160.320
2018-01-04T09:41:31.208,32,255,255,255,0,500,57,160.320
2018-01-04T09:41:31.21,32,255,255,255,0,500,57,160.320
2018-01-04T09:41:32.031,32,255,255,255,0,700,1,160.320
2018-01-04T09:41:32.031,32,255,255,255,0,800,1,160.320
2018-01-04T09:41:32.031,32,255,255,255,0,700,65,160.320
2018-01-04T09:41:32.031,32,255,255,255,0,700,65,160.320
2018-01-04T09:41:32.035,32,255,255,255,0,1000,63,160.311
2018-01-04T09:41:32.035,32,255,255,255,0,1500,63,160.311
2018-01-04T09:41:32.04,32,255,255,255,0,500,57,160.3101
2018-01-04T09:41:32.042,32,255,255,255,0,900,57,160.3100
2018-01-04T09:41:32.043,32,255,255,255,0,800,9,160.310
2018-01-04T09:41:32.043,32,255,255,255,0,800,7,160.310
2018-01-04T09:41:32.043,32,255,255,255,0,1500,7,160.310
2018-01-04T09:41:32.045,32,255,255,255,0,500,57,160.310
2018-01-04T09:41:32.059,32,255,255,255,0,700,17,160.310
2018-01-04T09:41:32.09,32,255,255,255,0,1000,1,160.310
2018-01-04T09:41:32.09,32,255,255,255,0,600,7,160.310
2018-01-04T09:41:35.634,32,255,255,255,0,500,7,160.290
2018-01-04T09:41:37.942,32,255,255,255,0,700,1,160.290
2018-01-04T09:41:38.375,32,255,255,255,0,2000,57,160.289
2018-01-04T09:41:39.575,32,255,255,255,0,1000,1,160.280
2018-01-04T09:41:40.229,32,255,255,255,0,600,1,160.290
2018-01-04T09:41:40.229,32,255,255,255,0,500,1,160.290
2018-01-04T09:41:40.382,32,255,255,255,0,700,1,160.300
2018-01-04T09:41:40.382,32,255,255,255,0,700,1,160.300
2018-01-04T09:41:40.382,32,255,255,255,0,1200,7,160.300
2018-01-04T09:41:42.136,32,255,255,255,0,500,1,160.300
2018-01-04T09:41:42.136,32,255,255,255,0,600,1,160.300
2018-01-04T09:41:42.137,32,255,255,255,0,800,7,160.300
2018-01-04T09:41:42.137,32,255,255,255,0,799,7,160.300
2018-01-04T09:41:42.694,32,255,255,255,0,500,57,160.2900
2018-01-04T09:41:44.349,32,255,255,255,0,700,9,160.270
2018-01-04T09:41:44.349,32,255,255,255,0,1000,1,160.270
2018-01-04T09:41:44.349,32,255,255,255,0,800,60,160.270
2018-01-04T09:41:44.35,32,255,255,255,0,1900,7,160.265
2018-01-04T09:41:44.35,32,255,255,255,0,800,65,160.270
2018-01-04T09:41:45.909,32,95,255,255,95,589,65,160.250
2018-01-04T09:41:48.889,32,255,255,255,0,500,7,160.240
2018-01-04T09:41:49.721,32,255,255,255,0,1000,59,160.240
2018-01-04T09:41:49.901,32,95,255,255,95,1578,7,160.250
2018-01-04T09:41:50.563,32,255,255,255,0,500,1,160.250
2018-01-04T09:41:50.563,32,255,255,255,0,500,64,160.250
2018-01-04T09:41:50.573,32,255,255,255,0,500,9,160.250
2018-01-04T09:41:50.573,32,255,255,255,0,700,1,160.250
2018-01-04T09:41:50.574,32,255,255,255,0,500,60,160.250
2018-01-04T09:41:50.574,32,255,255,255,0,500,65,160.250
2018-01-04T09:41:52.805,32,95,255,255,95,800,65,160.260
2018-01-04T09:41:57.179,32,255,255,255,0,1000,1,160.270
2018-01-04T09:41:57.179,32,255,255,255,0,1300,7,160.270
2018-01-04T09:41:57.377,32,255,255,255,0,1200,64,160.270
2018-01-04T09:41:57.377,32,255,255,255,0,1000,65,160.270
2018-01-04T09:41:57.377,32,255,255,255,0,1100,60,160.270
2018-01-04T09:41:59.628,32,255,255,255,0,1270,68,160.270
2018-01-04T09:41:59.633,32,255,255,255,0,600,7,160.280
2018-01-04T09:42:00.752,32,108,255,255,108,800,7,160.330
2018-01-04T09:42:06.325,32,255,255,255,0,523,57,160.3699
2018-01-04T09:42:09.523,32,255,255,255,0,625,57,160.349
2018-01-04T09:42:13.527,32,255,255,255,0,1300,57,160.3551
2018-01-04T09:42:17.21,32,255,255,255,0,600,7,160.360
2018-01-04T09:42:18.987,32,255,255,255,0,500,57,160.3450
2018-01-04T09:42:20.512,32,255,255,255,0,500,1,160.340
2018-01-04T09:42:25.869,32,255,255,255,0,500,1,160.340
2018-01-04T09:42:28.861,32,95,255,255,95,849,7,160.340
2018-01-04T09:42:28.863,32,255,255,255,0,713,65,160.340
2018-01-04T09:42:28.866,32,255,255,255,0,500,1,160.340
2018-01-04T09:42:30.132,32,255,255,255,0,500,57,160.330
2018-01-04T09:42:30.132,32,255,255,255,0,2700,57,160.330
2018-01-04T09:42:30.675,32,95,255,255,95,500,1,160.330
2018-01-04T09:42:30.676,32,95,255,255,95,500,7,160.330
2018-01-04T09:42:30.679,32,255,255,255,0,600,7,160.320
2018-01-04T09:42:30.68,32,255,255,255,0,500,1,160.320
2018-01-04T09:42:30.686,32,255,255,255,0,800,1,160.320
2018-01-04T09:42:31.491,32,255,255,255,0,500,57,160.310
2018-01-04T09:42:31.492,32,255,255,255,0,1000,57,160.310
2018-01-04T09:42:31.493,32,255,255,255,0,1000,57,160.310
2018-01-04T09:42:31.493,32,255,255,255,0,1000,57,160.310
2018-01-04T09:42:31.494,32,255,255,255,0,1000,57,160.310
2018-01-04T09:42:31.494,32,255,255,255,0,500,57,160.310
2018-01-04T09:42:31.494,32,255,255,255,0,3400,57,160.310
2018-01-04T09:42:31.496,32,255,255,255,0,1000,57,160.310
2018-01-04T09:42:31.499,32,255,255,255,0,1600,57,160.310
2018-01-04T09:42:31.517,32,255,255,255,0,500,57,160.310
2018-01-04T09:42:31.517,32,255,255,255,0,500,57,160.310
2018-01-04T09:42:31.518,32,255,255,255,0,1400,57,160.310
2018-01-04T09:42:32.085,32,255,255,255,0,2000,57,160.3100
2018-01-04T09:42:32.086,32,255,255,255,0,1600,7,160.320
2018-01-04T09:42:32.087,32,255,255,255,0,1000,57,160.310
2018-01-04T09:42:32.087,32,255,255,255,0,600,57,160.310
2018-01-04T09:42:32.099,32,255,255,255,0,500,57,160.310
2018-01-04T09:42:32.099,32,255,255,255,0,1100,57,160.310
2018-01-04T09:42:32.145,32,255,255,255,0,900,57,160.310
2018-01-04T09:42:32.326,32,255,255,255,0,1000,57,160.310
2018-01-04T09:42:32.327,32,255,255,255,0,1000,57,160.310
2018-01-04T09:42:32.553,32,255,255,255,0,1000,57,160.320
2018-01-04T09:42:32.554,32,255,255,255,0,1000,57,160.320
2018-01-04T09:42:32.986,32,255,255,255,0,1000,57,160.320
2018-01-04T09:42:33.051,32,255,255,255,0,800,7,160.330
2018-01-04T09:42:33.051,32,255,255,255,0,600,7,160.330
2018-01-04T09:42:33.115,32,255,255,255,0,1000,57,160.320
2018-01-04T09:42:33.116,32,255,255,255,0,1000,57,160.320
2018-01-04T09:42:33.283,32,255,255,255,0,700,57,160.3250
2018-01-04T09:42:33.565,32,255,255,255,0,600,57,160.320
2018-01-04T09:42:33.568,32,255,255,255,0,500,57,160.320
2018-01-04T09:42:33.571,32,255,255,255,0,1400,57,160.320
2018-01-04T09:42:33.617,32,255,255,255,0,1026,57,160.320
2018-01-04T09:42:34.165,32,255,255,255,0,3000,57,160.3233
2018-01-04T09:42:35.431,32,255,255,255,0,800,57,160.330
2018-01-04T09:42:35.442,32,255,255,255,0,500,57,160.330
2018-01-04T09:42:35.848,32,255,255,255,0,500,57,160.330
2018-01-04T09:42:36.024,32,95,255,255,95,749,7,160.330
2018-01-04T09:42:37.307,32,255,255,255,0,600,1,160.310
2018-01-04T09:42:37.307,32,255,255,255,0,600,7,160.310
2018-01-04T09:42:37.823,32,255,255,255,0,700,57,160.300
2018-01-04T09:42:37.934,32,95,255,255,95,900,63,160.300
2018-01-04T09:42:37.939,32,255,255,255,0,1400,7,160.310
2018-01-04T09:42:38.271,32,255,255,255,0,900,57,160.3000
2018-01-04T09:42:38.272,32,255,255,255,0,800,57,160.300
2018-01-04T09:42:38.304,32,255,255,255,0,500,57,160.300
2018-01-04T09:42:38.347,32,255,255,255,0,1600,57,160.300
2018-01-04T09:42:38.349,32,255,255,255,0,600,57,160.300
2018-01-04T09:42:38.352,32,255,255,255,0,500,57,160.300
2018-01-04T09:42:38.395,32,255,255,255,0,1000,57,160.300
2018-01-04T09:42:39.946,32,95,255,255,95,800,7,160.300
2018-01-04T09:42:39.946,32,95,255,255,95,1600,7,160.300
2018-01-04T09:42:39.946,32,95,255,255,95,1600,7,160.300
2018-01-04T09:42:39.948,32,255,255,255,0,20000,57,160.3003
2018-01-04T09:42:40.264,32,255,255,255,0,600,57,160.2967
2018-01-04T09:42:44.055,32,255,255,255,0,700,1,160.290
2018-01-04T09:42:44.055,32,255,255,255,0,1600,7,160.290
2018-01-04T09:42:44.061,32,255,255,255,0,500,57,160.280
2018-01-04T09:42:44.734,32,255,255,255,0,2823,57,160.289
2018-01-04T09:42:49.227,32,255,255,255,0,600,65,160.270
2018-01-04T09:42:49.227,32,255,255,255,0,692,60,160.270
2018-01-04T09:42:49.262,32,255,255,255,0,500,57,160.260
2018-01-04T09:42:52.682,32,255,255,255,0,6433,57,160.260
2018-01-04T09:42:54.721,32,255,255,255,0,1500,1,160.290
2018-01-04T09:42:54.721,32,255,255,255,0,1000,1,160.290
2018-01-04T09:42:54.721,32,255,255,255,0,1611,11,160.290
2018-01-04T09:42:54.721,32,255,255,255,0,600,9,160.290
2018-01-04T09:42:54.721,32,255,255,255,0,723,60,160.290
2018-01-04T09:42:54.721,32,255,255,255,0,1627,64,160.290
2018-01-04T09:42:54.721,32,255,255,255,0,1000,7,160.290
2018-01-04T09:42:54.721,32,255,255,255,0,800,7,160.290
2018-01-04T09:42:54.721,32,255,255,255,0,800,7,160.290
2018-01-04T09:42:55.215,32,255,255,255,0,573,57,160.290
2018-01-04T09:42:55.525,32,255,255,255,0,774,68,160.290
2018-01-04T09:42:55.535,32,255,255,255,0,3968,57,160.299
2018-01-04T09:42:55.739,32,95,255,255,95,500,1,160.300
2018-01-04T09:42:55.741,32,255,255,255,0,4300,57,160.299
2018-01-04T09:42:56.447,32,255,255,255,0,1600,7,160.300
2018-01-04T09:43:00.953,32,95,255,255,95,500,1,160.300
2018-01-04T09:43:00.954,32,255,255,255,0,1289,7,160.300
2018-01-04T09:43:00.97,32,95,255,255,95,700,17,160.300
2018-01-04T09:43:00.971,32,95,255,255,95,1600,7,160.300
2018-01-04T09:43:05.672,32,255,255,255,0,800,7,160.290
2018-01-04T09:43:06.088,32,255,255,255,0,500,7,160.290
2018-01-04T09:43:06.088,32,255,255,255,0,600,60,160.290
2018-01-04T09:43:06.088,32,255,255,255,0,500,65,160.290
2018-01-04T09:43:07.242,32,255,255,255,0,600,57,160.290
2018-01-04T09:43:07.248,32,255,255,255,0,800,57,160.290
2018-01-04T09:43:08.402,32,255,255,255,0,1600,57,160.290
2018-01-04T09:43:08.405,32,255,255,255,0,500,1,160.300
2018-01-04T09:43:08.406,32,255,255,255,0,3300,57,160.290
2018-01-04T09:43:09.579,32,95,255,255,95,1600,7,160.295
2018-01-04T09:43:09.58,32,95,255,255,95,700,7,160.295
2018-01-04T09:43:09.58,32,255,255,255,0,1268,7,160.300
2018-01-04T09:43:09.583,32,255,255,255,0,1600,57,160.290
2018-01-04T09:43:14.279,32,255,255,255,0,500,57,160.290
2018-01-04T09:43:15.405,32,255,255,255,0,883,1,160.300
2018-01-04T09:43:15.413,32,255,255,255,0,3600,57,160.290
2018-01-04T09:43:15.414,32,255,255,255,0,500,57,160.290
2018-01-04T09:43:15.42,32,255,255,255,0,500,57,160.290
2018-01-04T09:43:15.42,32,255,255,255,0,3600,57,160.290
2018-01-04T09:43:16.54,32,255,255,255,0,3000,57,160.280
2018-01-04T09:43:17.812,32,95,255,255,95,753,1,160.280
2018-01-04T09:43:17.813,32,95,255,255,95,600,65,160.280
2018-01-04T09:43:17.813,32,255,255,255,0,800,65,160.280
2018-01-04T09:43:17.813,32,255,255,255,0,800,60,160.280
2018-01-04T09:43:17.813,32,95,255,255,95,651,7,160.280
2018-01-04T09:43:17.919,32,255,255,255,0,500,57,160.270
2018-01-04T09:43:20.104,32,255,255,255,0,500,1,160.275
2018-01-04T09:43:20.51,32,255,255,255,0,600,57,160.270
2018-01-04T09:43:20.605,32,255,255,255,0,600,1,160.275
2018-01-04T09:43:20.605,32,255,255,255,0,800,7,160.275
2018-01-04T09:43:21.932,32,255,255,255,0,1400,1,160.275
2018-01-04T09:43:21.932,32,255,255,255,0,1000,7,160.275
2018-01-04T09:43:21.932,32,255,255,255,0,1600,7,160.280
2018-01-04T09:43:22.347,32,255,255,255,0,2325,1,160.275
2018-01-04T09:43:22.348,32,255,255,255,0,1500,7,160.275
2018-01-04T09:43:22.36,32,255,255,255,0,1600,57,160.270
2018-01-04T09:43:24.035,32,255,255,255,0,500,57,160.270
2018-01-04T09:43:24.208,32,255,255,255,0,1000,1,160.270
2018-01-04T09:43:24.288,32,255,255,255,0,500,57,160.260
2018-01-04T09:43:26.429,32,255,255,255,0,1600,7,160.270
2018-01-04T09:43:26.429,32,255,255,255,0,1600,7,160.270
2018-01-04T09:43:26.429,32,255,255,255,0,500,7,160.270
2018-01-04T09:43:26.449,32,255,255,255,0,1000,1,160.270
2018-01-04T09:43:26.969,32,255,255,255,0,1600,57,160.260
2018-01-04T09:43:26.975,32,255,255,255,0,1200,1,160.270
2018-01-04T09:43:27.078,32,255,255,255,0,3200,57,160.260
2018-01-04T09:43:29.659,32,95,255,255,95,649,7,160.270
2018-01-04T09:43:31.144,32,255,255,255,0,1486,7,160.270
2018-01-04T09:43:31.145,32,255,255,255,0,674,7,160.270
2018-01-04T09:43:32.105,32,255,255,255,0,1400,1,160.255
2018-01-04T09:43:32.105,32,255,255,255,0,1000,63,160.260
2018-01-04T09:43:32.105,32,255,255,255,0,1000,7,160.260
2018-01-04T09:43:32.359,32,255,255,255,0,1300,57,160.240
2018-01-04T09:43:33.1,32,255,255,255,0,800,1,160.240
2018-01-04T09:43:33.105,32,255,255,255,0,500,1,160.240
2018-01-04T09:43:33.105,32,255,255,255,0,1300,7,160.240
2018-01-04T09:43:36.869,32,255,255,255,0,1100,1,160.230
2018-01-04T09:43:38.148,32,255,255,255,0,500,1,160.230
2018-01-04T09:43:38.148,32,255,255,255,0,500,65,160.230
2018-01-04T09:43:38.149,32,255,255,255,0,700,7,160.230
2018-01-04T09:43:38.149,32,255,255,255,0,1000,7,160.230
2018-01-04T09:43:38.757,32,95,255,255,95,932,1,160.230
2018-01-04T09:43:38.758,32,95,255,255,95,1900,7,160.225
2018-01-04T09:43:38.778,32,95,255,255,95,700,17,160.230
2018-01-04T09:43:41.111,32,255,255,255,0,700,7,160.215
2018-01-04T09:43:41.347,32,255,255,255,0,1800,57,160.210
2018-01-04T09:43:42.795,32,255,255,255,0,1500,57,160.200
2018-01-04T09:43:42.8,32,255,255,255,0,2700,57,160.200
2018-01-04T09:43:42.8,32,255,255,255,0,600,57,160.200
2018-01-04T09:43:43.499,32,95,255,255,95,800,60,160.210
2018-01-04T09:43:43.984,32,255,255,255,0,2500,7,160.215
2018-01-04T09:43:45.464,32,255,255,255,0,1100,1,160.210
2018-01-04T09:43:45.471,32,255,255,255,0,3300,57,160.200
2018-01-04T09:43:45.958,32,255,255,255,0,940,1,160.200
2018-01-04T09:43:45.958,32,255,255,255,0,800,65,160.200
2018-01-04T09:43:46.71,32,255,255,255,0,800,60,160.180
2018-01-04T09:43:48.693,32,255,255,255,0,1600,7,160.190
2018-01-04T09:43:48.704,32,255,255,255,0,1800,57,160.180
2018-01-04T09:43:49.011,32,255,255,255,0,1500,7,160.200
2018-01-04T09:43:49.047,32,255,255,255,0,2500,57,160.190
2018-01-04T09:43:49.053,32,95,255,255,95,500,60,160.200
2018-01-04T09:43:49.805,32,255,255,255,0,3300,57,160.190
2018-01-04T09:43:49.901,32,255,255,255,0,650,57,160.190
2018-01-04T09:43:51.117,32,95,255,255,95,600,7,160.200
2018-01-04T09:43:51.288,32,255,255,255,0,900,1,160.200
2018-01-04T09:43:51.759,32,95,255,255,95,800,1,160.200
2018-01-04T09:43:51.759,32,95,255,255,95,600,65,160.200
2018-01-04T09:43:52.042,32,255,255,255,0,500,1,160.200
2018-01-04T09:43:52.878,32,255,255,255,0,1000,59,160.200
2018-01-04T09:43:52.899,32,255,255,255,0,700,1,160.210
2018-01-04T09:43:52.922,32,255,255,255,0,800,1,160.210
2018-01-04T09:43:53.051,32,95,255,255,95,700,9,160.200
2018-01-04T09:43:53.051,32,95,255,255,95,715,60,160.200
2018-01-04T09:43:53.366,32,255,255,255,0,3000,57,160.209
2018-01-04T09:43:54.435,32,255,255,255,0,1000,1,160.220
2018-01-04T09:43:54.435,32,255,255,255,0,700,60,160.220
2018-01-04T09:43:54.436,32,255,255,255,0,800,7,160.220
2018-01-04T09:43:54.645,32,95,255,255,95,500,7,160.220
2018-01-04T09:43:55.936,32,255,255,255,0,1000,1,160.200
2018-01-04T09:43:56.75,32,95,255,255,95,500,65,160.200
2018-01-04T09:43:56.75,32,95,255,255,95,500,60,160.200
2018-01-04T09:43:56.756,32,255,255,255,0,600,57,160.1963
2018-01-04T09:43:56.796,32,255,255,255,0,627,57,160.1942
2018-01-04T09:43:58.503,32,255,255,255,0,500,57,160.210
2018-01-04T09:43:58.638,32,255,255,255,0,600,1,160.210
2018-01-04T09:43:58.639,32,255,255,255,0,800,1,160.210
2018-01-04T09:43:58.639,32,255,255,255,0,500,1,160.210
2018-01-04T09:43:59.034,32,95,255,255,95,600,1,160.210
2018-01-04T09:43:59.034,32,95,255,255,95,800,1,160.210
2018-01-04T09:43:59.034,32,95,255,255,95,500,1,160.200
2018-01-04T09:43:59.035,32,95,255,255,95,700,7,160.210
2018-01-04T09:43:59.035,32,95,255,255,95,700,7,160.210
2018-01-04T09:43:59.047,32,255,255,255,0,1000,1,160.190
2018-01-04T09:43:59.056,32,95,255,255,95,800,7,160.190
2018-01-04T09:43:59.188,32,255,255,255,0,800,65,160.190
2018-01-04T09:43:59.611,32,255,255,255,0,700,7,160.190
2018-01-04T09:44:00.373,32,255,255,255,0,1500,7,160.180
2018-01-04T09:44:00.389,32,255,255,255,0,600,7,160.180
2018-01-04T09:44:00.389,32,255,255,255,0,500,7,160.180
2018-01-04T09:44:03.68,32,95,255,255,95,500,1,160.190
2018-01-04T09:44:04.889,32,255,255,255,0,800,65,160.180
2018-01-04T09:44:04.898,32,255,255,255,0,876,64,160.190
2018-01-04T09:44:04.898,32,255,255,255,0,587,7,160.190
2018-01-04T09:44:05.421,32,95,255,255,95,900,64,160.1900
2018-01-04T09:44:05.421,32,255,255,255,0,587,7,160.1900
2018-01-04T09:44:05.423,32,255,255,255,0,900,68,160.190
2018-01-04T09:44:05.435,32,255,255,255,0,1200,4,160.190
2018-01-04T09:44:07.11,32,95,255,255,95,2000,11,160.210
2018-01-04T09:44:07.11,32,95,255,255,95,600,1,160.210
2018-01-04T09:44:07.11,32,95,255,255,95,800,1,160.210
2018-01-04T09:44:07.11,32,95,255,255,95,500,1,160.210
2018-01-04T09:44:07.11,32,95,255,255,95,600,1,160.210
2018-01-04T09:44:07.11,32,95,255,255,95,1000,1,160.210
2018-01-04T09:44:07.11,32,95,255,255,95,800,65,160.210
2018-01-04T09:44:07.11,32,95,255,255,95,1000,63,160.210
2018-01-04T09:44:07.11,32,95,255,255,95,500,65,160.210
2018-01-04T09:44:07.11,32,95,255,255,95,800,60,160.210
2018-01-04T09:44:07.11,32,95,255,255,95,1000,65,160.210
2018-01-04T09:44:07.11,32,95,255,255,95,500,60,160.210
2018-01-04T09:44:07.11,32,95,255,255,95,1000,60,160.210
2018-01-04T09:44:07.11,32,255,255,255,0,1500,64,160.210
2018-01-04T09:44:07.11,32,95,255,255,95,2100,7,160.205
2018-01-04T09:44:07.11,32,255,255,255,0,1500,63,160.210
2018-01-04T09:44:07.11,32,95,255,255,95,800,7,160.210
2018-01-04T09:44:07.11,32,95,255,255,95,2000,7,160.210
2018-01-04T09:44:07.11,32,95,255,255,95,1000,7,160.210
2018-01-04T09:44:07.115,32,95,255,255,95,800,17,160.210
2018-01-04T09:44:07.187,32,95,255,255,95,600,60,160.220
2018-01-04T09:44:10.652,32,255,255,255,0,500,1,160.230
2018-01-04T09:44:10.652,32,255,255,255,0,500,60,160.230
2018-01-04T09:44:20.615,32,255,255,255,0,4000,57,160.2325
2018-01-04T09:44:24.589,32,255,255,255,0,900,7,160.240
2018-01-04T09:44:24.589,32,255,255,255,0,600,7,160.240
2018-01-04T09:44:24.589,32,255,255,255,0,800,7,160.240
2018-01-04T09:44:24.589,32,255,255,255,0,800,7,160.240
2018-01-04T09:44:26.422,32,255,255,255,0,530,59,160.2486
2018-01-04T09:44:26.433,32,255,255,255,0,800,9,160.2400
2018-01-04T09:44:31.927,32,255,255,255,0,600,7,160.230
2018-01-04T09:44:32.898,32,255,255,255,0,500,57,160.2399
2018-01-04T09:44:32.902,32,255,255,255,0,1800,57,160.2390
2018-01-04T09:44:32.904,32,255,255,255,0,2700,57,160.2350
2018-01-04T09:44:32.904,32,255,255,255,0,500,57,160.240
2018-01-04T09:44:34.369,32,255,255,255,0,1000,57,160.240
2018-01-04T09:44:37.209,32,255,255,255,0,755,64,160.250
2018-01-04T09:44:37.252,32,255,255,255,0,500,68,160.250
2018-01-04T09:44:37.263,32,255,255,255,0,800,1,160.250
2018-01-04T09:44:37.263,32,255,255,255,0,800,9,160.250
2018-01-04T09:44:37.263,32,255,255,255,0,800,7,160.250
2018-01-04T09:44:41.018,32,255,255,255,0,500,7,160.270
2018-01-04T09:44:44.45,32,95,255,255,95,800,9,160.270
2018-01-04T09:44:44.45,32,95,255,255,95,613,60,160.270
2018-01-04T09:44:48.654,32,255,255,255,0,1000,57,160.270
2018-01-04T09:44:50.267,32,255,255,255,0,500,57,160.275
2018-01-04T09:44:51.188,32,95,255,255,95,650,7,160.270
2018-01-04T09:44:51.188,32,95,255,255,95,500,7,160.270
2018-01-04T09:44:53.363,32,255,255,255,0,891,7,160.260
2018-01-04T09:44:53.363,32,255,255,255,0,709,7,160.260
2018-01-04T09:44:53.363,32,255,255,255,0,700,7,160.260
2018-01-04T09:44:53.363,32,255,255,255,0,800,7,160.260
2018-01-04T09:44:53.718,32,95,255,255,95,704,60,160.250
2018-01-04T09:44:56.977,32,255,255,255,0,1000,57,160.250
2018-01-04T09:44:59.235,32,255,255,255,0,800,1,160.230
2018-01-04T09:44:59.235,32,255,255,255,0,500,7,160.230
2018-01-04T09:44:59.358,32,95,255,255,95,571,65,160.230
2018-01-04T09:44:59.358,32,95,255,255,95,515,65,160.230
2018-01-04T09:44:59.811,32,255,255,255,0,4000,57,160.2249
2018-01-04T09:45:00.162,32,124,255,124,124,96000,57,160.3833
2018-01-04T09:45:08.616,32,255,255,255,0,500,1,160.260
2018-01-04T09:45:09.78,32,95,255,255,95,600,7,160.270
2018-01-04T09:45:14.955,32,255,255,255,0,600,1,160.280
2018-01-04T09:45:17.609,32,95,255,255,95,1200,65,160.290
2018-01-04T09:45:17.61,32,95,255,255,95,1200,7,160.290
2018-01-04T09:45:19.172,32,95,255,255,95,500,1,160.290
2018-01-04T09:45:19.172,32,95,255,255,95,500,7,160.290
2018-01-04T09:45:21.286,32,255,255,255,0,500,57,160.2750
2018-01-04T09:45:25.263,32,255,255,255,0,600,7,160.280
2018-01-04T09:45:29.317,32,95,255,255,95,700,7,160.280
2018-01-04T09:45:29.333,32,95,255,255,95,800,17,160.280
2018-01-04T09:45:29.413,32,255,255,255,0,600,7,160.280
2018-01-04T09:45:29.413,32,255,255,255,0,800,7,160.280
2018-01-04T09:45:33.06,32,255,255,255,0,6200,59,160.259
2018-01-04T09:45:33.221,32,255,255,255,0,900,7,160.260
2018-01-04T09:45:37.293,32,95,255,255,95,600,60,160.260
2018-01-04T09:45:37.293,32,95,255,255,95,500,60,160.260
2018-01-04T09:45:37.293,32,255,255,255,0,900,1,160.260
2018-01-04T09:45:37.293,32,255,255,255,0,1000,1,160.260
2018-01-04T09:45:37.565,32,255,255,255,0,500,1,160.250
2018-01-04T09:45:37.565,32,255,255,255,0,500,1,160.250
2018-01-04T09:45:37.565,32,255,255,255,0,500,1,160.250
2018-01-04T09:45:41.212,32,255,255,255,0,800,57,160.2450
2018-01-04T09:45:45.723,32,255,255,255,0,931,1,160.250
2018-01-04T09:45:45.885,32,255,255,255,0,1029,1,160.250
2018-01-04T09:45:46.645,32,255,255,255,0,1100,57,160.245
2018-01-04T09:45:48.926,32,95,255,255,95,1000,1,160.220
2018-01-04T09:45:56.882,32,255,255,255,0,500,11,160.220
2018-01-04T09:46:02.721,32,255,255,255,0,600,57,160.209
2018-01-04T09:46:02.722,32,255,255,255,0,4400,57,160.209
2018-01-04T09:46:05.044,32,95,255,255,95,2400,1,160.200
2018-01-04T09:46:05.044,32,95,255,255,95,600,65,160.200
2018-01-04T09:46:05.044,32,95,255,255,95,600,65,160.200
2018-01-04T09:46:05.044,32,95,255,255,95,500,7,160.200
2018-01-04T09:46:05.044,32,95,255,255,95,500,7,160.200
2018-01-04T09:46:05.044,32,95,255,255,95,1200,7,160.200
2018-01-04T09:46:05.054,32,95,255,255,95,500,1,160.160
2018-01-04T09:46:05.054,32,95,255,255,95,800,65,160.160
2018-01-04T09:46:05.054,32,95,255,255,95,700,7,160.160
2018-01-04T09:46:05.074,32,95,255,255,95,850,7,160.160
2018-01-04T09:46:05.074,32,95,255,255,95,927,7,160.160
2018-01-04T09:46:05.074,32,95,255,255,95,673,7,160.160
2018-01-04T09:46:05.074,32,95,255,255,95,927,7,160.160
2018-01-04T09:46:05.076,32,95,255,255,95,900,7,160.160
2018-01-04T09:46:05.077,32,255,255,255,0,500,1,160.150
2018-01-04T09:46:05.077,32,255,255,255,0,600,1,160.150
2018-01-04T09:46:05.078,32,108,255,255,108,1000,7,160.160
2018-01-04T09:46:05.08,32,95,255,255,95,700,7,160.160
2018-01-04T09:46:05.225,32,255,255,255,0,930,57,160.150
2018-01-04T09:46:05.331,32,95,255,255,95,800,1,160.130
2018-01-04T09:46:05.331,32,95,255,255,95,800,65,160.130
2018-01-04T09:46:05.331,32,95,255,255,95,800,7,160.130
2018-01-04T09:46:05.334,32,255,255,255,0,700,60,160.120
2018-01-04T09:46:05.337,32,255,255,255,0,1200,7,160.120
2018-01-04T09:46:05.445,32,255,255,255,0,1091,7,160.130
2018-01-04T09:46:05.546,32,95,255,255,95,1600,7,160.140
2018-01-04T09:46:07.418,32,95,255,255,95,4900,1,160.1400
2018-01-04T09:46:09.742,32,255,255,255,0,500,57,160.1300
2018-01-04T09:46:11.325,32,255,255,255,0,900,9,160.130
2018-01-04T09:46:13.18,32,255,255,255,0,500,59,160.146
2018-01-04T09:46:14.707,32,255,255,255,0,600,57,160.160
2018-01-04T09:46:22.139,32,255,255,255,0,900,57,160.175
2018-01-04T09:46:22.73,32,255,255,255,0,900,65,160.180
2018-01-04T09:46:22.73,32,255,255,255,0,700,65,160.180
2018-01-04T09:46:22.73,32,255,255,255,0,800,7,160.180
2018-01-04T09:46:22.73,32,255,255,255,0,600,7,160.180
2018-01-04T09:46:24.853,32,95,255,255,95,1200,7,160.170
2018-01-04T09:46:25.168,32,255,255,255,0,600,57,160.175
2018-01-04T09:46:27.387,32,255,255,255,0,500,65,160.190
2018-01-04T09:46:30.712,32,255,255,255,0,800,1,160.170
2018-01-04T09:46:30.712,32,255,255,255,0,700,9,160.170
2018-01-04T09:46:30.713,32,255,255,255,0,800,65,160.170
2018-01-04T09:46:30.713,32,255,255,255,0,800,60,160.170
2018-01-04T09:46:30.713,32,255,255,255,0,800,7,160.170
2018-01-04T09:46:32.485,32,255,255,255,0,700,57,160.175
2018-01-04T09:46:34.26,32,255,255,255,0,700,57,160.175
2018-01-04T09:46:34.273,32,255,255,255,0,900,4,160.170
2018-01-04T09:46:35.5,32,255,255,255,0,1000,4,160.170
2018-01-04T09:46:36.476,32,255,255,255,0,1300,11,160.180
2018-01-04T09:46:36.477,32,255,255,255,0,1800,64,160.180
2018-01-04T09:46:36.486,32,255,255,255,0,500,59,160.1741
2018-01-04T09:46:36.496,32,255,255,255,0,743,60,160.210
2018-01-04T09:46:36.596,32,255,255,255,0,533,57,160.2099
2018-01-04T09:46:36.661,32,255,255,255,0,900,57,160.2050
2018-01-04T09:46:36.846,32,255,255,255,0,1000,57,160.209
2018-01-04T09:46:37.01,32,255,255,255,0,500,1,160.210
2018-01-04T09:46:37.016,32,255,255,255,0,900,57,160.210
2018-01-04T09:46:37.134,32,255,255,255,0,500,57,160.210
2018-01-04T09:46:37.249,32,255,255,255,0,900,63,160.200
2018-01-04T09:46:37.853,32,255,255,255,0,800,63,160.200
2018-01-04T09:46:37.901,32,255,255,255,0,1600,57,160.210
2018-01-04T09:46:37.951,32,255,255,255,0,700,57,160.210
2018-01-04T09:46:38.125,32,95,255,255,95,500,1,160.210
2018-01-04T09:46:41.064,32,255,255,255,0,1000,57,160.1963
2018-01-04T09:46:43.877,32,255,255,255,0,500,1,160.190
2018-01-04T09:46:43.878,32,95,255,255,95,532,7,160.190
2018-01-04T09:46:43.878,32,255,255,255,0,500,7,160.190
2018-01-04T09:46:43.878,32,255,255,255,0,600,7,160.190
2018-01-04T09:46:44.552,32,255,255,255,0,698,63,160.180
2018-01-04T09:46:44.554,32,95,255,255,95,598,1,160.180
2018-01-04T09:46:44.554,32,95,255,255,95,1600,60,160.180
2018-01-04T09:46:49.285,32,255,255,255,0,600,1,160.160
2018-01-04T09:46:49.286,32,255,255,255,0,800,60,160.160
2018-01-04T09:46:49.286,32,255,255,255,0,800,65,160.160
2018-01-04T09:46:49.286,32,255,255,255,0,702,7,160.160
2018-01-04T09:46:49.286,32,255,255,255,0,1600,4,160.160
2018-01-04T09:46:50.681,32,95,255,255,95,700,11,160.160
2018-01-04T09:46:51.615,32,255,255,255,0,800,57,160.155
2018-01-04T09:46:51.814,32,255,255,255,0,900,57,160.155
2018-01-04T09:46:52.449,32,255,255,255,0,500,1,160.170
2018-01-04T09:46:52.449,32,255,255,255,0,700,7,160.170
2018-01-04T09:46:52.449,32,255,255,255,0,1600,7,160.170
2018-01-04T09:46:52.45,32,255,255,255,0,1600,4,160.170
2018-01-04T09:46:52.469,32,95,255,255,95,1600,7,160.170
2018-01-04T09:46:52.487,32,95,255,255,95,800,17,160.170
2018-01-04T09:46:53.175,32,255,255,255,0,900,57,160.170
2018-01-04T09:46:53.185,32,255,255,255,0,900,57,160.170
2018-01-04T09:46:54.695,32,255,255,255,0,600,57,160.1607
2018-01-04T09:46:54.74,32,255,255,255,0,600,1,160.1600
2018-01-04T09:46:54.741,32,255,255,255,0,700,60,160.160
2018-01-04T09:46:54.741,32,255,255,255,0,500,65,160.160
2018-01-04T09:46:54.741,32,255,255,255,0,600,7,160.160
2018-01-04T09:47:01.02,32,255,255,255,0,600,60,160.1800
2018-01-04T09:47:03.237,32,255,255,255,0,800,65,160.210
2018-01-04T09:47:03.937,32,255,255,255,0,500,1,160.220
2018-01-04T09:47:03.97,32,255,255,255,0,900,9,160.230
2018-01-04T09:47:03.97,32,255,255,255,0,600,1,160.230
2018-01-04T09:47:03.97,32,255,255,255,0,500,60,160.230
2018-01-04T09:47:03.971,32,255,255,255,0,900,65,160.230
2018-01-04T09:47:04.244,32,255,255,255,0,500,65,160.220
2018-01-04T09:47:04.244,32,255,255,255,0,600,65,160.220
2018-01-04T09:47:06.189,32,95,255,255,95,600,1,160.210
2018-01-04T09:47:06.19,32,95,255,255,95,600,7,160.210
2018-01-04T09:47:06.19,32,255,255,255,0,550,1,160.210
2018-01-04T09:47:07.189,32,255,255,255,0,952,1,160.200
2018-01-04T09:47:07.189,32,255,255,255,0,909,1,160.200
2018-01-04T09:47:07.19,32,255,255,255,0,552,7,160.200
2018-01-04T09:47:07.19,32,255,255,255,0,700,7,160.200
2018-01-04T09:47:10.781,32,255,255,255,0,500,57,160.1964
2018-01-04T09:47:12.861,32,255,255,255,0,1521,64,160.170
2018-01-04T09:47:20.539,32,255,255,255,0,700,68,160.215
2018-01-04T09:47:20.551,32,255,255,255,0,2400,59,160.2170
2018-01-04T09:47:20.758,32,255,255,255,0,600,57,160.215
2018-01-04T09:47:22.364,32,95,255,255,95,500,1,160.220
2018-01-04T09:47:23.884,32,95,255,255,95,1000,60,160.210
2018-01-04T09:47:23.884,32,95,255,255,95,700,60,160.200
2018-01-04T09:47:23.884,32,95,255,255,95,700,65,160.200
2018-01-04T09:47:23.884,32,95,255,255,95,800,65,160.200
2018-01-04T09:47:23.884,32,95,255,255,95,1300,65,160.200
2018-01-04T09:47:23.884,32,255,255,255,0,600,64,160.210
2018-01-04T09:47:23.884,32,95,255,255,95,1000,1,160.210
2018-01-04T09:47:23.884,32,95,255,255,95,700,1,160.200
2018-01-04T09:47:23.884,32,95,255,255,95,800,63,160.200
2018-01-04T09:47:23.884,32,95,255,255,95,700,63,160.200
2018-01-04T09:47:23.884,32,95,255,255,95,800,64,160.200
2018-01-04T09:47:23.884,32,95,255,255,95,1000,64,160.200
2018-01-04T09:47:23.884,32,255,255,255,0,600,60,160.210
2018-01-04T09:47:23.885,32,95,255,255,95,700,7,160.200
2018-01-04T09:47:23.885,32,95,255,255,95,1600,7,160.200
2018-01-04T09:47:23.896,32,95,255,255,95,619,1,160.200
2018-01-04T09:47:23.927,32,95,255,255,95,900,17,160.200
2018-01-04T09:47:28.72,32,255,255,255,0,1000,1,160.210
2018-01-04T09:47:28.72,32,255,255,255,0,1000,1,160.210
2018-01-04T09:47:28.72,32,255,255,255,0,900,7,160.210
2018-01-04T09:47:28.72,32,255,255,255,0,1400,7,160.210
2018-01-04T09:47:35.042,32,95,255,255,95,600,60,160.190
2018-01-04T09:47:35.066,32,95,255,255,95,500,1,160.190
2018-01-04T09:47:35.953,32,255,255,255,0,500,57,160.171
2018-01-04T09:47:36.785,32,255,255,255,0,1000,1,160.160
2018-01-04T09:47:38.064,32,255,255,255,0,515,57,160.1593
2018-01-04T09:47:41.275,32,255,255,255,0,500,57,160.170
2018-01-04T09:47:41.459,32,255,255,255,0,700,1,160.170
2018-01-04T09:47:42.054,32,255,255,255,0,1000,57,160.1507
2018-01-04T09:47:44.121,32,95,255,255,95,600,1,160.1400
2018-01-04T09:47:44.123,32,255,255,255,0,1000,60,160.140
2018-01-04T09:47:44.123,32,255,255,255,0,600,7,160.140
2018-01-04T09:47:44.123,32,255,255,255,0,1000,7,160.140
2018-01-04T09:47:44.464,32,255,255,255,0,1400,7,160.140
2018-01-04T09:47:47.314,32,255,255,255,0,2000,57,160.1312
2018-01-04T09:47:48.126,32,95,255,255,95,500,1,160.1400
2018-01-04T09:47:48.126,32,95,255,255,95,500,65,160.140
2018-01-04T09:47:48.127,32,95,255,255,95,500,7,160.140
2018-01-04T09:47:48.127,32,95,255,255,95,600,7,160.140
2018-01-04T09:47:48.127,32,95,255,255,95,600,7,160.140
2018-01-04T09:47:48.132,32,255,255,255,0,808,7,160.130
2018-01-04T09:47:48.153,32,255,255,255,0,792,7,160.130
2018-01-04T09:47:48.153,32,255,255,255,0,800,7,160.130
2018-01-04T09:47:52.97,32,95,255,255,95,500,7,160.180
2018-01-04T09:48:04.34,32,95,255,255,95,515,60,160.190
2018-01-04T09:48:04.403,32,95,255,255,95,500,1,160.190
2018-01-04T09:48:11.772,32,255,255,255,0,1000,1,160.170
2018-01-04T09:48:11.772,32,255,255,255,0,1000,1,160.170
2018-01-04T09:48:11.772,32,255,255,255,0,700,7,160.170
2018-01-04T09:48:11.772,32,255,255,255,0,1100,7,160.170
2018-01-04T09:48:17.597,32,255,255,255,0,500,57,160.140
2018-01-04T09:48:17.598,32,255,255,255,0,500,57,160.140
2018-01-04T09:48:17.599,32,255,255,255,0,800,57,160.140
2018-01-04T09:48:17.599,32,255,255,255,0,500,57,160.140
2018-01-04T09:48:19.913,32,255,255,255,0,1000,57,160.1599
2018-01-04T09:48:19.914,32,255,255,255,0,4000,57,160.1599
2018-01-04T09:48:24.168,32,255,255,255,0,645,57,160.1359
2018-01-04T09:48:24.497,32,95,255,255,95,1200,7,160.120
2018-01-04T09:48:24.497,32,95,255,255,95,1000,7,160.120
2018-01-04T09:48:26.895,32,255,255,255,0,1400,7,160.120
2018-01-04T09:48:26.895,32,255,255,255,0,3600,7,160.120
2018-01-04T09:48:27.699,32,255,255,255,0,600,1,160.120
2018-01-04T09:48:29.514,32,95,255,255,95,700,1,160.110
2018-01-04T09:48:29.516,32,255,255,255,0,1000,57,160.110
2018-01-04T09:48:30.199,32,255,255,255,0,500,7,160.100
2018-01-04T09:48:30.199,32,255,255,255,0,600,7,160.100
2018-01-04T09:48:30.241,32,255,255,255,0,1600,7,160.090
2018-01-04T09:48:30.303,32,255,255,255,0,800,7,160.090
2018-01-04T09:48:30.303,32,95,255,255,95,1200,7,160.090
2018-01-04T09:48:30.336,32,255,255,255,0,1400,7,160.090
2018-01-04T09:48:30.585,32,255,255,255,0,800,65,160.0900
2018-01-04T09:48:30.585,32,255,255,255,0,800,7,160.0900
2018-01-04T09:48:30.585,32,255,255,255,0,1400,7,160.0900
2018-01-04T09:48:30.585,32,255,255,255,0,1600,7,160.0900
2018-01-04T09:48:30.606,32,255,255,255,0,1158,57,160.0999
2018-01-04T09:48:30.769,32,255,255,255,0,1000,7,160.1000
2018-01-04T09:48:31.482,32,95,255,255,95,900,17,160.1100
2018-01-04T09:48:39.131,32,255,255,255,0,599,57,160.1250
2018-01-04T09:48:40.381,32,255,255,255,0,500,57,160.1450
2018-01-04T09:48:40.381,32,255,255,255,0,1400,57,160.1450
2018-01-04T09:48:40.689,32,255,255,255,0,500,57,160.1450
2018-01-04T09:48:41.5,32,255,255,255,0,1111,1,160.1400
2018-01-04T09:48:41.5,32,255,255,255,0,1000,1,160.1400
2018-01-04T09:48:41.5,32,255,255,255,0,1011,7,160.1400
2018-01-04T09:48:41.5,32,255,255,255,0,600,7,160.1400
2018-01-04T09:48:41.5,32,255,255,255,0,800,7,160.1400
2018-01-04T09:48:48.163,32,95,255,255,95,700,7,160.1700
2018-01-04T09:48:50.465,32,95,255,255,95,500,1,160.1600
2018-01-04T09:48:50.465,32,95,255,255,95,500,1,160.1600
2018-01-04T09:48:50.465,32,95,255,255,95,700,1,160.1600
2018-01-04T09:48:50.465,32,95,255,255,95,800,1,160.1600
2018-01-04T09:48:50.465,32,95,255,255,95,500,65,160.1600
2018-01-04T09:48:50.465,32,95,255,255,95,600,60,160.1600
2018-01-04T09:48:50.465,32,95,255,255,95,500,65,160.1600
2018-01-04T09:48:50.465,32,95,255,255,95,800,65,160.1600
2018-01-04T09:48:50.465,32,95,255,255,95,700,65,160.1600
2018-01-04T09:48:50.465,32,95,255,255,95,600,7,160.1600
2018-01-04T09:48:50.465,32,95,255,255,95,600,7,160.1600
2018-01-04T09:48:50.465,32,95,255,255,95,700,7,160.1600
2018-01-04T09:48:50.466,32,95,255,255,95,800,7,160.1600
2018-01-04T09:48:52.883,32,95,255,255,95,800,7,160.1400
2018-01-04T09:48:56.348,32,255,255,255,0,500,1,160.1200
2018-01-04T09:48:56.45,32,255,255,255,0,592,57,160.1100
2018-01-04T09:48:59.524,32,95,255,255,95,500,1,160.1300
2018-01-04T09:49:01.158,32,95,255,255,95,800,1,160.1300
2018-01-04T09:49:01.159,32,95,255,255,95,500,65,160.1300
2018-01-04T09:49:01.159,32,95,255,255,95,500,60,160.1300
2018-01-04T09:49:01.159,32,95,255,255,95,1600,7,160.1300
2018-01-04T09:49:04.144,32,95,255,255,95,600,1,160.1500
2018-01-04T09:49:04.144,32,95,255,255,95,800,7,160.1500
2018-01-04T09:49:04.156,32,95,255,255,95,600,1,160.1700
2018-01-04T09:49:04.171,32,255,255,255,0,500,1,160.1700
2018-01-04T09:49:04.182,32,255,255,255,0,944,60,160.1800
2018-01-04T09:49:04.282,32,255,255,255,0,700,1,160.1700
2018-01-04T09:49:08.064,32,95,255,255,95,700,7,160.1900
2018-01-04T09:49:08.064,32,95,255,255,95,500,7,160.1900
2018-01-04T09:49:08.064,32,255,255,255,0,500,1,160.1900
2018-01-04T09:49:09.001,32,95,255,255,95,1000,1,160.2000
2018-01-04T09:49:09.001,32,95,255,255,95,1207,7,160.1900
2018-01-04T09:49:09.002,32,95,255,255,95,800,7,160.2000
2018-01-04T09:49:09.002,32,95,255,255,95,800,7,160.2000
2018-01-04T09:49:09.689,32,95,255,255,95,700,1,160.2200
2018-01-04T09:49:09.69,32,95,255,255,95,500,7,160.2200
2018-01-04T09:49:09.69,32,255,255,255,0,500,65,160.2300
2018-01-04T09:49:12.654,32,255,255,255,0,700,1,160.2600
2018-01-04T09:49:12.654,32,255,255,255,0,500,1,160.2600
2018-01-04T09:49:12.654,32,255,255,255,0,500,60,160.2600
2018-01-04T09:49:12.654,32,255,255,255,0,500,65,160.2600
2018-01-04T09:49:12.654,32,255,255,255,0,509,65,160.2600
2018-01-04T09:49:12.654,32,255,255,255,0,800,7,160.2600
2018-01-04T09:49:12.654,32,255,255,255,0,1002,7,160.2600
2018-01-04T09:49:12.667,32,255,255,255,0,536,1,160.2600
2018-01-04T09:49:15.027,32,95,255,255,95,542,1,160.2800
2018-01-04T09:49:17.284,32,95,255,255,95,549,65,160.2700
2018-01-04T09:49:17.338,32,255,255,255,0,1200,1,160.2700
2018-01-04T09:49:17.338,32,255,255,255,0,998,1,160.2700
2018-01-04T09:49:21.472,32,255,255,255,0,955,65,160.3000
2018-01-04T09:49:21.472,32,255,255,255,0,1000,65,160.3000
2018-01-04T09:49:23.383,32,255,255,255,0,800,1,160.3000
2018-01-04T09:49:23.383,32,255,255,255,0,500,60,160.3000
2018-01-04T09:49:23.383,32,255,255,255,0,600,7,160.3000
2018-01-04T09:49:23.994,32,95,255,255,95,600,60,160.2900
2018-01-04T09:49:25.154,32,95,255,255,95,500,60,160.2900
2018-01-04T09:49:39.399,32,255,255,255,0,500,65,160.2900
2018-01-04T09:49:43.022,32,95,255,255,95,500,60,160.2800
2018-01-04T09:49:43.022,32,95,255,255,95,500,65,160.2800
2018-01-04T09:49:43.023,32,95,255,255,95,700,7,160.2800
2018-01-04T09:49:46.588,32,255,255,255,0,800,57,160.2789
2018-01-04T09:49:46.59,32,255,255,255,0,2000,59,160.2793
2018-01-04T09:49:48.978,32,255,255,255,0,800,57,160.2800
2018-01-04T09:49:49.362,32,255,255,255,0,700,57,160.2800
2018-01-04T09:49:52.608,32,255,255,255,0,900,11,160.2850
2018-01-04T09:49:53.797,32,95,255,255,95,700,1,160.2800
2018-01-04T09:49:53.903,32,95,255,255,95,800,1,160.2700
2018-01-04T09:49:53.903,32,95,255,255,95,900,1,160.2700
2018-01-04T09:49:53.904,32,95,255,255,95,900,60,160.2700
2018-01-04T09:49:53.904,32,95,255,255,95,800,65,160.2700
2018-01-04T09:49:53.904,32,95,255,255,95,800,65,160.2700
2018-01-04T09:49:53.904,32,95,255,255,95,1200,7,160.2700
2018-01-04T09:49:58.674,32,255,255,255,0,600,57,160.2200
2018-01-04T09:50:01.482,32,255,255,255,0,1500,57,160.2400
2018-01-04T09:50:10.287,32,255,255,255,0,1000,57,160.2500
2018-01-04T09:50:10.315,32,95,255,255,95,700,60,160.2500
2018-01-04T09:50:10.325,32,255,255,255,0,800,57,160.2600
2018-01-04T09:50:10.508,32,255,255,255,0,1000,57,160.2600
2018-01-04T09:50:10.619,32,255,255,255,0,500,1,160.2500
2018-01-04T09:50:15.165,32,255,255,255,0,1200,1,160.2100
2018-01-04T09:50:15.165,32,255,255,255,0,600,7,160.2100
2018-01-04T09:50:19.883,32,255,255,255,0,600,57,160.2289
2018-01-04T09:50:22.279,32,95,255,255,95,900,9,160.2600
2018-01-04T09:50:22.279,32,95,255,255,95,509,1,160.2600
2018-01-04T09:50:22.279,32,95,255,255,95,504,65,160.2600
2018-01-04T09:50:22.279,32,255,255,255,0,719,60,160.2600
2018-01-04T09:50:22.28,32,255,255,255,0,696,65,160.2600
2018-01-04T09:50:22.28,32,255,255,255,0,700,7,160.2600
2018-01-04T09:50:22.646,32,255,255,255,0,1200,1,160.2600
2018-01-04T09:50:22.646,32,255,255,255,0,1100,1,160.2600
2018-01-04T09:50:22.647,32,255,255,255,0,995,7,160.2600
2018-01-04T09:50:22.647,32,255,255,255,0,900,7,160.2600
2018-01-04T09:50:22.647,32,255,255,255,0,600,7,160.2600
2018-01-04T09:50:23.161,32,95,255,255,95,500,7,160.2400
2018-01-04T09:50:40.476,32,255,255,255,0,1000,7,160.2800
2018-01-04T09:50:40.476,32,255,255,255,0,1100,7,160.2800
2018-01-04T09:50:43.284,32,255,255,255,0,2800,57,160.3000
2018-01-04T09:50:43.287,32,255,255,255,0,2800,57,160.3000
2018-01-04T09:50:43.29,32,255,255,255,0,1000,57,160.3000
2018-01-04T09:50:43.29,32,95,255,255,95,1200,60,160.3000
2018-01-04T09:50:43.29,32,95,255,255,95,800,60,160.3000
2018-01-04T09:50:43.29,32,95,255,255,95,1200,65,160.3000
2018-01-04T09:50:43.29,32,95,255,255,95,800,65,160.3000
2018-01-04T09:50:43.29,32,95,255,255,95,1000,9,160.3000
2018-01-04T09:50:43.291,32,95,255,255,95,700,1,160.3000
2018-01-04T09:50:43.291,32,95,255,255,95,700,1,160.3000
2018-01-04T09:50:43.291,32,95,255,255,95,1600,1,160.3000
2018-01-04T09:50:43.291,32,255,255,255,0,1800,57,160.3000
2018-01-04T09:50:43.291,32,95,255,255,95,600,63,160.3100
2018-01-04T09:50:43.291,32,95,255,255,95,1200,7,160.3000
2018-01-04T09:50:43.291,32,95,255,255,95,1600,7,160.3000
2018-01-04T09:50:43.291,32,95,255,255,95,800,7,160.3000
2018-01-04T09:50:43.291,32,95,255,255,95,800,7,160.3000
2018-01-04T09:50:43.333,32,95,255,255,95,900,17,160.3100
2018-01-04T09:50:43.928,32,255,255,255,0,1000,7,160.3000
2018-01-04T09:50:50.963,32,255,255,255,0,800,57,160.3300
2018-01-04T09:50:50.97,32,255,255,255,0,600,57,160.3300
2018-01-04T09:50:50.974,32,255,255,255,0,500,57,160.3300
2018-01-04T09:50:50.977,32,255,255,255,0,600,57,160.3300
2018-01-04T09:50:50.987,32,255,255,255,0,600,57,160.3300
2018-01-04T09:50:51.401,32,95,255,255,95,700,1,160.3300
2018-01-04T09:50:51.401,32,95,255,255,95,700,1,160.3300
2018-01-04T09:50:51.401,32,255,255,255,0,563,9,160.3300
2018-01-04T09:50:51.401,32,95,255,255,95,1000,9,160.3400
2018-01-04T09:50:51.401,32,95,255,255,95,1081,65,160.3400
2018-01-04T09:50:51.402,32,95,255,255,95,1100,60,160.3400
2018-01-04T09:50:51.402,32,95,255,255,95,1100,7,160.3400
2018-01-04T09:50:51.402,32,255,255,255,0,700,1,160.3400
2018-01-04T09:50:51.649,32,255,255,255,0,600,57,160.3500
2018-01-04T09:50:53.665,32,95,255,255,95,1600,7,160.3700
2018-01-04T09:50:55.327,32,255,255,255,0,1400,7,160.3700
2018-01-04T09:50:55.343,32,95,255,255,95,750,17,160.3700
2018-01-04T09:50:55.782,32,255,255,255,0,895,57,160.3650
2018-01-04T09:50:56.681,32,95,255,255,95,800,60,160.3600
2018-01-04T09:50:56.681,32,95,255,255,95,800,60,160.3600
2018-01-04T09:50:56.681,32,95,255,255,95,800,65,160.3600
2018-01-04T09:50:56.681,32,95,255,255,95,800,1,160.3600
2018-01-04T09:50:56.681,32,95,255,255,95,1600,1,160.3600
2018-01-04T09:50:56.681,32,95,255,255,95,800,65,160.3600
2018-01-04T09:50:56.682,32,95,255,255,95,800,64,160.3600
2018-01-04T09:50:56.682,32,95,255,255,95,800,9,160.3600
2018-01-04T09:50:56.682,32,95,255,255,95,800,7,160.3600
2018-01-04T09:50:56.682,32,95,255,255,95,1600,7,160.3600
2018-01-04T09:50:56.682,32,95,255,255,95,1600,7,160.3600
2018-01-04T09:50:56.683,32,255,255,255,0,500,57,160.3600
2018-01-04T09:50:56.748,32,95,255,255,95,1600,1,160.3700
2018-01-04T09:50:56.748,32,255,255,255,0,800,65,160.3700
2018-01-04T09:50:56.749,32,255,255,255,0,1600,7,160.3700
2018-01-04T09:50:56.749,32,95,255,255,95,700,60,160.3700
2018-01-04T09:50:56.948,32,255,255,255,0,500,57,160.3740
2018-01-04T09:50:56.949,32,255,255,255,0,2000,57,160.3800
2018-01-04T09:50:56.95,32,255,255,255,0,2000,57,160.3740
2018-01-04T09:50:56.95,32,255,255,255,0,2400,57,160.3740
2018-01-04T09:50:56.953,32,255,255,255,0,500,57,160.3800
2018-01-04T09:50:57.299,32,95,255,255,95,800,1,160.3700
2018-01-04T09:50:59.774,32,95,255,255,95,900,17,160.3400
2018-01-04T09:51:00.107,32,255,255,255,0,500,65,160.3400
2018-01-04T09:51:01.751,32,255,255,255,0,800,7,160.3500
2018-01-04T09:51:03.854,32,255,255,255,0,500,60,160.3500
2018-01-04T09:51:03.854,32,255,255,255,0,500,65,160.3500
2018-01-04T09:51:03.854,32,255,255,255,0,500,65,160.3500
2018-01-04T09:51:03.972,32,255,255,255,0,500,57,160.3400
2018-01-04T09:51:04.394,32,255,255,255,0,6000,57,160.3485
2018-01-04T09:51:06.133,32,255,255,255,0,500,1,160.3400
2018-01-04T09:51:06.133,32,255,255,255,0,700,7,160.3400
2018-01-04T09:51:08.377,32,255,255,255,0,623,59,160.3259
2018-01-04T09:51:12.17,32,95,255,255,95,1600,7,160.3300
2018-01-04T09:51:12.171,32,255,255,255,0,7200,57,160.3303
2018-01-04T09:51:12.9,32,255,255,255,0,2000,57,160.3312
2018-01-04T09:51:19.641,32,255,255,255,0,2000,57,160.3790
2018-01-04T09:51:19.778,32,255,255,255,0,598,1,160.3700
2018-01-04T09:51:19.779,32,255,255,255,0,609,7,160.3700
2018-01-04T09:51:26.62,32,255,255,255,0,600,7,160.3400
2018-01-04T09:51:29.34,32,255,255,255,0,500,57,160.3600
2018-01-04T09:51:29.515,32,255,255,255,0,800,7,160.3600
2018-01-04T09:51:29.515,32,255,255,255,0,800,7,160.3600
2018-01-04T09:51:29.515,32,255,255,255,0,1600,7,160.3600
2018-01-04T09:51:29.515,32,255,255,255,0,1200,7,160.3600
2018-01-04T09:51:29.516,32,95,255,255,95,700,1,160.3600
2018-01-04T09:51:29.516,32,95,255,255,95,800,65,160.3600
2018-01-04T09:51:29.516,32,95,255,255,95,700,1,160.3600
2018-01-04T09:51:29.516,32,95,255,255,95,800,65,160.3600
2018-01-04T09:51:29.516,32,95,255,255,95,1200,65,160.3600
2018-01-04T09:51:30.719,32,255,255,255,0,9500,57,160.3600
2018-01-04T09:51:32.788,32,95,255,255,95,500,1,160.3500
2018-01-04T09:51:32.788,32,95,255,255,95,500,7,160.3500
2018-01-04T09:51:38.264,32,95,255,255,95,500,7,160.3550
2018-01-04T09:51:40.384,32,255,255,255,0,2500,57,160.3599
2018-01-04T09:51:44.69,32,95,255,255,95,600,65,160.3500
2018-01-04T09:51:44.69,32,95,255,255,95,600,7,160.3500
2018-01-04T09:51:47.245,32,255,255,255,0,800,57,160.3650
2018-01-04T09:51:50.114,32,95,255,255,95,500,1,160.3800
2018-01-04T09:51:51.857,32,255,255,255,0,1000,57,160.3850
2018-01-04T09:51:56.232,32,255,255,255,0,600,65,160.3800
2018-01-04T09:51:56.232,32,255,255,255,0,1200,65,160.3800
2018-01-04T09:51:56.232,32,255,255,255,0,600,65,160.3800
2018-01-04T09:51:56.233,32,255,255,255,0,900,65,160.3800
2018-01-04T09:51:56.233,32,255,255,255,0,500,65,160.3800
2018-01-04T09:51:56.233,32,255,255,255,0,600,65,160.3800
2018-01-04T09:51:57.371,32,95,255,255,95,645,65,160.3800
2018-01-04T09:51:57.371,32,95,255,255,95,1373,65,160.3800
2018-01-04T09:51:57.371,32,95,255,255,95,2551,65,160.3800
2018-01-04T09:51:58.828,32,95,255,255,95,500,1,160.4000
2018-01-04T09:51:58.828,32,95,255,255,95,1600,1,160.4000
2018-01-04T09:51:58.828,32,95,255,255,95,500,1,160.4000
2018-01-04T09:51:58.876,32,95,255,255,95,500,1,160.3900
2018-01-04T09:51:59.476,32,95,255,255,95,500,65,160.3900
2018-01-04T09:52:12.061,32,255,255,255,0,1500,57,160.3700
2018-01-04T09:52:13.109,32,255,255,255,0,1000,57,160.3900
2018-01-04T09:52:13.119,32,255,255,255,0,5150,57,160.3810
2018-01-04T09:52:21.038,32,255,255,255,0,500,7,160.3590
2018-01-04T09:52:21.039,32,255,255,255,0,500,7,160.3590
2018-01-04T09:52:21.043,32,255,255,255,0,1500,57,160.3586
2018-01-04T09:52:25.018,32,255,255,255,0,1600,4,160.3600
2018-01-04T09:52:29.633,32,255,255,255,0,700,7,160.3790
2018-01-04T09:52:29.634,32,255,255,255,0,700,7,160.3790
2018-01-04T09:52:29.637,32,255,255,255,0,600,57,160.3751
2018-01-04T09:52:32.386,32,95,255,255,95,700,1,160.3900
2018-01-04T09:52:32.386,32,95,255,255,95,700,1,160.3900
2018-01-04T09:52:32.386,32,95,255,255,95,1600,1,160.4000
2018-01-04T09:52:32.386,32,95,255,255,95,600,1,160.4000
2018-01-04T09:52:32.386,32,95,255,255,95,700,1,160.4000
2018-01-04T09:52:32.386,32,95,255,255,95,700,1,160.4000
2018-01-04T09:52:32.386,32,95,255,255,95,600,1,160.4000
2018-01-04T09:52:32.386,32,255,255,255,0,700,9,160.3900
2018-01-04T09:52:32.387,32,95,255,255,95,1200,65,160.3900
2018-01-04T09:52:32.387,32,95,255,255,95,1200,60,160.3900
2018-01-04T09:52:32.387,32,95,255,255,95,1000,9,160.4000
2018-01-04T09:52:32.387,32,255,255,255,0,521,7,160.3900
2018-01-04T09:52:32.387,32,255,255,255,0,670,7,160.3900
2018-01-04T09:52:32.387,32,255,255,255,0,500,7,160.3900
2018-01-04T09:52:32.387,32,95,255,255,95,1600,7,160.4000
2018-01-04T09:52:32.388,32,255,255,255,0,1000,57,160.3900
2018-01-04T09:52:32.388,32,255,255,255,0,700,57,160.3900
2018-01-04T09:52:32.399,32,255,255,255,0,500,57,160.3910
2018-01-04T09:52:32.466,32,255,255,255,0,1000,57,160.3962
2018-01-04T09:52:34.732,32,255,255,255,0,500,4,160.4000
2018-01-04T09:52:37.67,32,255,255,255,0,500,1,160.4300
2018-01-04T09:52:42.128,32,255,255,255,0,1600,7,160.4350
2018-01-04T09:52:42.128,32,255,255,255,0,600,7,160.4300
2018-01-04T09:52:42.129,32,255,255,255,0,1600,7,160.4300
2018-01-04T09:52:42.129,32,255,255,255,0,800,7,160.4300
2018-01-04T09:52:42.129,32,255,255,255,0,800,7,160.4300
2018-01-04T09:52:42.129,32,255,255,255,0,1000,7,160.4300
2018-01-04T09:52:42.129,32,95,255,255,95,600,65,160.4300
2018-01-04T09:52:42.129,32,95,255,255,95,600,65,160.4300
2018-01-04T09:52:49.086,32,255,255,255,0,500,7,160.4390
