timestamp,ext_condition1,ext_condition2,ext_condition3,ext_condition4,condition,size,exchange,price
2018-01-04T09:30:00.104,32,95,1,255,1,1698,1,271.200
2018-01-04T09:30:00.157,32,62,255,255,62,323695,7,271.220
2018-01-04T09:30:00.157,32,255,255,66,66,323695,7,271.220
2018-01-04T09:30:00.229,32,95,255,255,95,800,17,271.210
2018-01-04T09:30:00.238,32,95,255,255,95,900,65,271.220
2018-01-04T09:30:00.26,32,124,255,124,124,600,57,271.210
2018-01-04T09:30:00.264,32,124,255,124,124,3200,57,271.210
2018-01-04T09:30:00.272,32,124,255,124,124,800,57,271.2099
2018-01-04T09:30:00.572,32,95,1,255,1,600,1,271.220
2018-01-04T09:30:00.573,32,95,255,255,95,500,17,271.210
2018-01-04T09:30:00.587,32,255,255,255,0,560,17,271.210
2018-01-04T09:30:00.674,32,95,255,255,95,1798,7,271.200
2018-01-04T09:30:00.68,32,95,255,255,95,1167,60,271.220
2018-01-04T09:30:00.68,32,95,255,255,95,1000,63,271.230
2018-01-04T09:30:00.681,32,95,255,255,95,1000,60,271.220
2018-01-04T09:30:00.681,32,95,255,255,95,800,64,271.230
2018-01-04T09:30:00.681,32,95,255,255,95,1900,65,271.220
2018-01-04T09:30:00.681,32,95,255,255,95,1000,11,271.230
2018-01-04T09:30:00.681,32,95,255,255,95,500,1,271.220
2018-01-04T09:30:00.681,32,95,255,255,95,600,1,271.220
2018-01-04T09:30:00.696,32,95,255,255,95,10000,17,271.220
2018-01-04T09:30:00.716,32,255,255,255,0,1200,7,271.220
2018-01-04T09:30:00.727,32,255,255,255,0,605,7,271.220
2018-01-04T09:30:00.761,32,255,255,255,0,1000,63,271.230
2018-01-04T09:30:00.761,32,255,255,255,0,800,60,271.230
2018-01-04T09:30:00.762,32,255,255,255,0,1000,11,271.230
2018-01-04T09:30:00.762,32,255,255,255,0,500,11,271.230
2018-01-04T09:30:00.762,32,255,255,255,0,1000,65,271.230
2018-01-04T09:30:00.762,32,255,255,255,0,1000,65,271.230
2018-01-04T09:30:00.778,32,95,255,255,95,1488,7,271.210
2018-01-04T09:30:00.778,32,95,255,255,95,1000,60,271.210
2018-01-04T09:30:00.778,32,95,255,255,95,1000,1,271.210
2018-01-04T09:30:00.779,32,255,255,255,0,1295,7,271.210
2018-01-04T09:30:00.801,32,95,255,255,95,1000,63,271.230
2018-01-04T09:30:00.833,32,255,255,255,0,1000,1,271.230
2018-01-04T09:30:00.878,32,95,255,255,95,994,11,271.230
2018-01-04T09:30:00.908,32,255,255,255,0,700,60,271.230
2018-01-04T09:30:00.908,32,255,255,255,0,1000,60,271.230
2018-01-04T09:30:00.948,32,255,255,255,0,1000,65,271.230
2018-01-04T09:30:00.948,32,95,255,255,95,800,7,271.230
2018-01-04T09:30:00.969,32,95,255,255,95,500,7,271.210
2018-01-04T09:30:00.969,32,95,255,255,95,788,60,271.210
2018-01-04T09:30:01.062,32,95,255,255,95,1200,9,271.210
2018-01-04T09:30:01.071,32,95,255,255,95,659,7,271.210
2018-01-04T09:30:01.168,32,255,255,255,0,900,7,271.220
2018-01-04T09:30:01.176,32,96,255,4,96,500,59,271.220
2018-01-04T09:30:01.306,32,255,255,255,0,500,64,271.220
2018-01-04T09:30:01.331,32,255,255,255,0,1020,1,271.220
2018-01-04T09:30:01.341,32,255,255,255,0,2100,60,271.220
2018-01-04T09:30:01.39,32,255,255,255,0,611,11,271.220
2018-01-04T09:30:01.392,32,255,255,255,0,900,1,271.210
2018-01-04T09:30:01.428,32,255,255,255,0,500,64,271.210
2018-01-04T09:30:01.643,32,255,255,255,0,800,7,271.220
2018-01-04T09:30:01.643,32,255,255,255,0,1000,7,271.220
2018-01-04T09:30:01.643,32,255,255,255,0,500,1,271.220
2018-01-04T09:30:01.643,32,255,255,255,0,2600,1,271.220
2018-01-04T09:30:01.72,32,95,255,255,95,1100,60,271.220
2018-01-04T09:30:01.72,32,95,255,255,95,500,64,271.220
2018-01-04T09:30:01.763,32,255,255,255,0,2000,60,271.220
2018-01-04T09:30:01.763,32,255,255,255,0,600,60,271.220
2018-01-04T09:30:01.831,32,255,255,255,0,1000,1,271.230
2018-01-04T09:30:01.842,32,255,255,255,0,1000,60,271.230
2018-01-04T09:30:01.842,32,255,255,255,0,900,60,271.230
2018-01-04T09:30:01.842,32,255,255,255,0,1000,64,271.230
2018-01-04T09:30:01.842,32,255,255,255,0,500,64,271.230
2018-01-04T09:30:01.864,32,108,255,255,108,880,7,271.230
2018-01-04T09:30:01.946,32,255,255,255,0,1000,65,271.230
2018-01-04T09:30:02.165,32,255,255,255,0,3100,1,271.230
2018-01-04T09:30:02.181,32,108,255,255,108,600,7,271.230
2018-01-04T09:30:02.263,32,255,255,255,0,1000,60,271.230
2018-01-04T09:30:02.263,32,255,255,255,0,1700,60,271.230
2018-01-04T09:30:02.307,32,255,255,255,0,1000,64,271.220
2018-01-04T09:30:02.307,32,255,255,255,0,500,64,271.220
2018-01-04T09:30:02.307,32,255,255,255,0,500,64,271.220
2018-01-04T09:30:02.332,32,255,255,255,0,1000,1,271.220
2018-01-04T09:30:02.343,32,255,255,255,0,500,64,271.220
2018-01-04T09:30:02.343,32,255,255,255,0,800,60,271.215
2018-01-04T09:30:02.343,32,255,255,255,0,1200,60,271.215
2018-01-04T09:30:02.343,32,255,255,255,0,900,60,271.220
2018-01-04T09:30:02.362,32,255,255,255,0,2500,7,271.215
2018-01-04T09:30:02.362,32,255,255,255,0,1000,7,271.220
2018-01-04T09:30:02.4,32,255,255,255,0,500,57,271.210
2018-01-04T09:30:02.478,32,255,255,255,0,500,65,271.220
2018-01-04T09:30:02.73,32,255,255,255,0,500,11,271.210
2018-01-04T09:30:02.754,32,255,255,255,0,900,60,271.210
2018-01-04T09:30:02.798,32,255,255,255,0,500,64,271.210
2018-01-04T09:30:02.844,32,255,255,255,0,500,64,271.210
2018-01-04T09:30:02.844,32,255,255,255,0,2000,60,271.210
2018-01-04T09:30:02.844,32,95,255,255,95,2100,7,271.220
2018-01-04T09:30:02.844,32,95,255,255,95,2000,60,271.210
2018-01-04T09:30:02.845,32,255,255,255,0,500,7,271.220
2018-01-04T09:30:02.863,32,255,255,255,0,500,7,271.215
2018-01-04T09:30:03.027,32,255,255,255,0,900,65,271.220
2018-01-04T09:30:03.347,32,255,255,255,0,511,1,271.210
2018-01-04T09:30:03.348,32,255,255,255,0,500,64,271.220
2018-01-04T09:30:03.348,32,255,255,255,0,500,64,271.220
2018-01-04T09:30:03.403,32,255,255,255,0,600,57,271.210
2018-01-04T09:30:03.403,32,255,255,255,0,1000,63,271.220
2018-01-04T09:30:03.403,32,255,255,255,0,500,11,271.220
2018-01-04T09:30:03.604,32,95,255,255,95,2877,7,271.210
2018-01-04T09:30:03.605,32,95,255,255,95,1002,7,271.200
2018-01-04T09:30:03.605,32,95,255,255,95,800,7,271.200
2018-01-04T09:30:03.605,32,95,255,255,95,910,7,271.200
2018-01-04T09:30:03.605,32,95,255,255,95,593,7,271.200
2018-01-04T09:30:03.605,32,95,255,255,95,2907,7,271.200
2018-01-04T09:30:03.605,32,95,255,255,95,1000,1,271.200
2018-01-04T09:30:03.619,32,255,255,255,0,500,68,271.195
2018-01-04T09:30:03.619,32,96,255,255,96,868,57,271.220
2018-01-04T09:30:03.636,32,95,255,255,95,900,7,271.190
2018-01-04T09:30:03.637,32,95,255,255,95,1000,7,271.190
2018-01-04T09:30:03.774,32,95,255,255,95,3000,7,271.180
2018-01-04T09:30:03.775,32,255,255,255,0,500,65,271.190
2018-01-04T09:30:03.776,32,255,255,255,0,1000,1,271.190
2018-01-04T09:30:03.776,32,255,255,255,0,1000,60,271.190
2018-01-04T09:30:03.783,32,108,255,255,108,600,7,271.190
2018-01-04T09:30:03.837,32,96,255,255,96,840,57,271.220
2018-01-04T09:30:03.837,32,96,255,255,96,660,57,271.220
2018-01-04T09:30:03.837,32,96,255,255,96,521,57,271.220
2018-01-04T09:30:03.85,32,255,255,255,0,2000,60,271.200
2018-01-04T09:30:03.85,32,255,255,255,0,800,60,271.200
2018-01-04T09:30:03.868,32,255,255,255,0,1000,64,271.210
2018-01-04T09:30:04.16,32,255,255,255,0,500,11,271.210
2018-01-04T09:30:04.196,32,255,255,255,0,500,9,271.210
2018-01-04T09:30:04.202,32,255,255,255,0,2000,1,271.210
2018-01-04T09:30:04.206,32,255,255,255,0,2000,60,271.210
2018-01-04T09:30:04.207,32,255,255,255,0,500,64,271.210
2018-01-04T09:30:04.302,32,255,255,255,0,600,1,271.210
2018-01-04T09:30:04.402,32,255,255,255,0,1000,63,271.210
2018-01-04T09:30:04.402,32,255,255,255,0,600,60,271.210
2018-01-04T09:30:04.402,32,255,255,255,0,500,64,271.210
2018-01-04T09:30:04.402,32,255,255,255,0,1000,64,271.210
2018-01-04T09:30:04.402,32,255,255,255,0,500,11,271.210
2018-01-04T09:30:04.499,32,255,255,255,0,500,64,271.210
2018-01-04T09:30:04.61,32,255,255,255,0,1000,7,271.200
2018-01-04T09:30:04.631,32,255,255,255,0,1000,60,271.200
2018-01-04T09:30:04.631,32,255,255,255,0,500,65,271.200
2018-01-04T09:30:05.004,32,255,255,255,0,1410,7,271.210
2018-01-04T09:30:05.005,32,255,255,255,0,1510,7,271.210
2018-01-04T09:30:05.022,32,95,255,255,95,1504,60,271.210
2018-01-04T09:30:05.046,32,95,255,255,95,1000,7,271.200
2018-01-04T09:30:05.046,32,95,255,255,95,2867,7,271.200
2018-01-04T09:30:05.046,32,95,255,255,95,1000,64,271.200
2018-01-04T09:30:05.046,32,95,255,255,95,500,64,271.200
2018-01-04T09:30:05.046,32,95,255,255,95,1000,63,271.200
2018-01-04T09:30:05.046,32,95,255,255,95,500,63,271.200
2018-01-04T09:30:05.046,32,95,255,255,95,1000,11,271.200
2018-01-04T09:30:05.062,32,95,255,255,95,2500,17,271.210
2018-01-04T09:30:05.271,32,95,255,255,95,1600,60,271.220
2018-01-04T09:30:05.423,32,255,255,255,0,1400,60,271.210
2018-01-04T09:30:05.887,32,95,255,255,95,1000,7,271.210
2018-01-04T09:30:05.888,32,255,255,255,0,1100,9,271.210
2018-01-04T09:30:06.108,32,95,255,255,95,1424,7,271.210
2018-01-04T09:30:06.108,32,95,255,255,95,1424,7,271.210
2018-01-04T09:30:06.109,32,95,255,255,95,1000,1,271.210
2018-01-04T09:30:06.109,32,95,255,255,95,500,9,271.210
2018-01-04T09:30:06.161,32,95,255,255,95,500,1,271.190
2018-01-04T09:30:06.164,32,95,255,255,95,500,1,271.190
2018-01-04T09:30:07.084,32,255,255,255,0,1000,57,271.190
2018-01-04T09:30:07.224,32,95,255,255,95,1000,1,271.200
2018-01-04T09:30:07.263,32,255,255,255,0,900,7,271.200
2018-01-04T09:30:07.746,32,255,255,255,0,3600,1,271.200
2018-01-04T09:30:07.78,32,255,255,255,0,3100,7,271.200
2018-01-04T09:30:08.036,32,255,255,255,0,2500,60,271.210
2018-01-04T09:30:08.058,32,255,255,255,0,1940,1,271.210
2018-01-04T09:30:08.059,32,95,255,255,95,660,1,271.210
2018-01-04T09:30:08.303,32,95,255,255,95,800,60,271.220
2018-01-04T09:30:08.303,32,95,255,255,95,2100,1,271.220
2018-01-04T09:30:08.303,32,95,255,255,95,756,1,271.220
2018-01-04T09:30:08.304,32,95,255,255,95,500,64,271.220
2018-01-04T09:30:08.304,32,95,255,255,95,1000,1,271.220
2018-01-04T09:30:08.304,32,95,255,255,95,500,64,271.220
2018-01-04T09:30:08.304,32,95,255,255,95,601,65,271.220
2018-01-04T09:30:08.304,32,95,255,255,95,599,65,271.220
2018-01-04T09:30:08.304,32,95,255,255,95,600,65,271.220
2018-01-04T09:30:08.889,32,95,255,255,95,900,7,271.230
2018-01-04T09:30:08.889,32,95,255,255,95,500,7,271.230
2018-01-04T09:30:08.946,32,95,255,255,95,800,7,271.230
2018-01-04T09:30:09.158,32,255,255,255,0,1300,57,271.2100
2018-01-04T09:30:09.321,32,255,255,255,0,1800,57,271.1900
2018-01-04T09:30:09.405,32,95,255,255,95,500,7,271.230
2018-01-04T09:30:09.406,32,95,255,255,95,1600,60,271.230
2018-01-04T09:30:09.406,32,95,255,255,95,1000,1,271.230
2018-01-04T09:30:10.842,32,95,255,255,95,1000,60,271.220
2018-01-04T09:30:11.981,32,95,255,255,95,500,63,271.230
2018-01-04T09:30:12.375,32,95,255,255,95,1000,7,271.220
2018-01-04T09:30:12.375,32,95,255,255,95,1000,1,271.220
2018-01-04T09:30:12.375,32,95,255,255,95,500,9,271.220
2018-01-04T09:30:12.875,32,255,255,255,0,589,57,271.220
2018-01-04T09:30:12.887,32,95,255,255,95,1600,9,271.230
2018-01-04T09:30:12.891,32,255,255,255,0,700,7,271.230
2018-01-04T09:30:12.891,32,255,255,255,0,900,1,271.230
2018-01-04T09:30:12.9,32,96,255,255,96,9179,57,271.220
2018-01-04T09:30:13.001,32,96,255,255,96,9008,57,271.220
2018-01-04T09:30:13.19,32,95,255,255,95,1000,7,271.230
2018-01-04T09:30:13.37,32,95,255,255,95,900,7,271.230
2018-01-04T09:30:13.889,32,95,255,255,95,1000,64,271.230
2018-01-04T09:30:13.889,32,95,255,255,95,600,9,271.230
2018-01-04T09:30:13.915,32,95,255,255,95,600,1,271.230
2018-01-04T09:30:13.923,32,95,255,255,95,1000,64,271.210
2018-01-04T09:30:13.923,32,95,255,255,95,1000,63,271.210
2018-01-04T09:30:13.923,32,95,255,255,95,1000,64,271.210
2018-01-04T09:30:13.923,32,95,255,255,95,1000,1,271.210
2018-01-04T09:30:13.924,32,95,255,255,95,2000,9,271.210
2018-01-04T09:30:13.924,32,95,255,255,95,500,9,271.210
2018-01-04T09:30:13.924,32,95,255,255,95,931,1,271.210
2018-01-04T09:30:13.924,32,95,255,255,95,500,11,271.210
2018-01-04T09:30:13.951,32,95,255,255,95,500,60,271.230
2018-01-04T09:30:15,32,255,255,255,0,1050,7,271.230
2018-01-04T09:30:15,32,255,255,255,0,1100,7,271.230
2018-01-04T09:30:15,32,255,255,255,0,1000,7,271.230
2018-01-04T09:30:16.542,32,255,255,255,0,700,57,271.210
2018-01-04T09:30:16.545,32,255,255,255,0,1312,57,271.210
2018-01-04T09:30:17.036,32,95,255,255,95,1000,7,271.210
2018-01-04T09:30:17.036,32,95,255,255,95,700,60,271.210
2018-01-04T09:30:17.036,32,95,255,255,95,1000,1,271.210
2018-01-04T09:30:17.052,32,95,255,255,95,4074,17,271.210
2018-01-04T09:30:17.302,32,255,255,255,0,700,57,271.210
2018-01-04T09:30:18.395,32,255,255,255,0,7300,7,271.200
2018-01-04T09:30:18.395,32,255,255,255,0,7300,7,271.200
2018-01-04T09:30:18.427,32,95,255,255,95,1000,7,271.200
2018-01-04T09:30:18.427,32,95,255,255,95,1000,7,271.210
2018-01-04T09:30:18.427,32,95,255,255,95,1000,7,271.210
2018-01-04T09:30:18.438,32,255,255,255,0,4500,57,271.200
2018-01-04T09:30:18.438,32,255,255,255,0,15900,57,271.1989
2018-01-04T09:30:18.559,32,255,255,255,0,8800,57,271.2000
2018-01-04T09:30:18.575,32,255,255,255,0,900,1,271.2000
2018-01-04T09:30:18.575,32,255,255,255,0,1800,9,271.200
2018-01-04T09:30:18.667,32,95,255,255,95,940,17,271.190
2018-01-04T09:30:20.004,32,95,255,255,95,600,7,271.190
2018-01-04T09:30:21.142,32,255,2,255,2,6200,57,271.210
2018-01-04T09:30:22.431,32,255,255,255,0,600,7,271.160
2018-01-04T09:30:22.606,32,255,255,255,0,1200,57,271.1601
2018-01-04T09:30:22.857,32,95,255,255,95,4000,1,271.150
2018-01-04T09:30:22.86,32,108,255,255,108,500,7,271.150
2018-01-04T09:30:22.86,32,108,255,255,108,1500,7,271.150
2018-01-04T09:30:22.86,32,108,255,255,108,1500,7,271.150
2018-01-04T09:30:22.86,32,108,255,255,108,1500,7,271.150
2018-01-04T09:30:22.86,32,108,255,255,108,1500,7,271.150
2018-01-04T09:30:23.615,32,255,255,255,0,1000,7,271.150
2018-01-04T09:30:23.615,32,255,255,255,0,1300,7,271.150
2018-01-04T09:30:24.139,32,255,255,255,0,1200,7,271.150
2018-01-04T09:30:24.139,32,255,255,255,0,1000,7,271.150
2018-01-04T09:30:24.139,32,255,255,255,0,800,7,271.150
2018-01-04T09:30:24.644,32,255,255,255,0,3200,57,271.220
2018-01-04T09:30:25.005,32,95,255,255,95,537,1,271.140
2018-01-04T09:30:25.19,32,255,255,255,0,700,60,271.140
2018-01-04T09:30:25.197,32,255,255,255,0,600,57,271.1401
2018-01-04T09:30:25.279,32,255,255,255,0,900,57,271.1400
2018-01-04T09:30:26.332,32,255,255,255,0,1000,7,271.1400
2018-01-04T09:30:26.332,32,255,255,255,0,1500,9,271.1400
2018-01-04T09:30:27.358,32,95,255,255,95,528,7,271.1300
2018-01-04T09:30:29.925,32,255,255,255,0,522,63,271.130
2018-01-04T09:30:30.013,32,95,255,255,95,1200,7,271.130
2018-01-04T09:30:30.035,32,95,255,255,95,1010,60,271.140
2018-01-04T09:30:30.035,32,95,255,255,95,1000,60,271.140
2018-01-04T09:30:30.036,32,95,255,255,95,500,4,271.140
2018-01-04T09:30:30.037,32,255,255,255,0,571,64,271.150
2018-01-04T09:30:30.055,32,255,255,255,0,3000,7,271.130
2018-01-04T09:30:30.055,32,255,255,255,0,1000,4,271.130
2018-01-04T09:30:30.064,32,255,255,255,0,2772,7,271.130
2018-01-04T09:30:30.064,32,255,255,255,0,1328,7,271.130
2018-01-04T09:30:30.065,32,255,255,255,0,1000,4,271.130
2018-01-04T09:30:30.168,32,255,255,255,0,1274,7,271.130
2018-01-04T09:30:30.187,32,255,255,255,0,1000,7,271.130
2018-01-04T09:30:30.187,32,255,255,255,0,3000,7,271.130
2018-01-04T09:30:30.23,32,255,255,255,0,3000,57,271.130
2018-01-04T09:30:30.634,32,255,255,255,0,2000,9,271.110
2018-01-04T09:30:31.033,32,255,255,255,0,1000,1,271.120
2018-01-04T09:30:31.033,32,255,255,255,0,797,1,271.120
2018-01-04T09:30:31.747,32,255,255,255,0,900,7,271.120
2018-01-04T09:30:31.894,32,95,255,255,95,513,63,271.110
2018-01-04T09:30:32.212,32,95,255,255,95,600,60,271.120
2018-01-04T09:30:32.858,32,95,255,255,95,1000,1,271.110
2018-01-04T09:30:33.318,32,95,255,255,95,1000,7,271.110
2018-01-04T09:30:33.981,32,95,255,255,95,1000,63,271.110
2018-01-04T09:30:34.378,32,95,255,255,95,1000,63,271.110
2018-01-04T09:30:34.378,32,95,255,255,95,500,11,271.110
2018-01-04T09:30:34.446,32,255,255,255,0,500,57,271.1111
2018-01-04T09:30:35.619,32,95,255,255,95,500,60,271.110
2018-01-04T09:30:36.373,32,255,255,255,0,500,7,271.120
2018-01-04T09:30:36.374,32,255,255,255,0,500,7,271.120
2018-01-04T09:30:36.634,32,255,255,255,0,500,7,271.120
2018-01-04T09:30:37.901,32,255,255,255,0,650,7,271.1200
2018-01-04T09:30:38.665,32,95,255,255,95,1400,60,271.130
2018-01-04T09:30:38.665,32,95,255,255,95,1010,60,271.130
2018-01-04T09:30:38.665,32,95,255,255,95,2590,60,271.130
2018-01-04T09:30:38.665,32,95,255,255,95,1710,60,271.130
2018-01-04T09:30:38.674,32,255,255,255,0,9500,57,271.130
2018-01-04T09:30:39.233,32,95,255,255,95,616,64,271.150
2018-01-04T09:30:39.233,32,95,255,255,95,500,60,271.150
2018-01-04T09:30:39.234,32,95,255,255,95,949,7,271.150
2018-01-04T09:30:39.235,32,95,255,255,95,1500,65,271.150
2018-01-04T09:30:39.615,32,255,255,255,0,1727,7,271.170
2018-01-04T09:30:39.772,32,255,255,255,0,5000,57,271.1699
2018-01-04T09:30:40.02,32,255,255,255,0,500,7,271.170
2018-01-04T09:30:40.021,32,255,255,255,0,500,7,271.170
2018-01-04T09:30:40.021,32,255,255,255,0,600,60,271.160
2018-01-04T09:30:40.021,32,255,255,255,0,500,65,271.160
2018-01-04T09:30:40.021,32,255,255,255,0,600,64,271.160
2018-01-04T09:30:40.022,32,255,255,255,0,600,57,271.160
2018-01-04T09:30:40.023,32,255,255,255,0,500,65,271.160
2018-01-04T09:30:40.027,32,95,255,255,95,500,60,271.170
2018-01-04T09:30:40.029,32,255,255,255,0,500,65,271.160
2018-01-04T09:30:40.482,32,255,255,255,0,600,1,271.160
2018-01-04T09:30:42.546,32,95,255,255,95,600,60,271.160
2018-01-04T09:30:45.235,32,255,255,255,0,500,9,271.160
2018-01-04T09:30:50.681,32,255,255,255,0,2500,57,271.1682
2018-01-04T09:30:51.449,32,255,255,255,0,600,64,271.170
2018-01-04T09:30:51.676,32,255,255,255,0,700,7,271.170
2018-01-04T09:30:51.676,32,255,255,255,0,700,7,271.170
2018-01-04T09:30:51.677,32,255,255,255,0,1000,7,271.170
2018-01-04T09:30:51.677,32,255,255,255,0,1000,7,271.170
2018-01-04T09:30:51.677,32,255,255,255,0,900,65,271.170
2018-01-04T09:30:51.678,32,95,255,255,95,1780,65,271.170
2018-01-04T09:30:51.678,32,255,255,255,0,500,64,271.170
2018-01-04T09:30:51.678,32,255,255,255,0,700,63,271.170
2018-01-04T09:30:51.678,32,255,255,255,0,600,64,271.170
2018-01-04T09:30:51.679,32,95,255,255,95,500,11,271.190
2018-01-04T09:30:51.679,32,255,255,255,0,700,68,271.170
2018-01-04T09:30:51.68,32,255,255,255,0,900,60,271.170
2018-01-04T09:30:51.68,32,255,255,255,0,500,65,271.170
2018-01-04T09:30:51.68,32,255,255,255,0,2500,65,271.170
2018-01-04T09:30:51.68,32,255,255,255,0,4000,65,271.170
2018-01-04T09:30:51.697,32,255,255,255,0,700,7,271.170
2018-01-04T09:30:52.031,32,255,255,255,0,2200,7,271.170
2018-01-04T09:30:52.952,32,255,2,255,2,1000,57,271.191
2018-01-04T09:30:55.016,32,95,255,255,95,500,60,271.170
2018-01-04T09:30:57.711,32,255,255,255,0,700,9,271.160
2018-01-04T09:30:57.711,32,255,255,255,0,700,65,271.160
2018-01-04T09:30:57.711,32,95,255,255,95,600,1,271.160
2018-01-04T09:30:57.711,32,95,255,255,95,600,1,271.160
2018-01-04T09:30:58.067,32,255,255,255,0,601,7,271.140
2018-01-04T09:30:58.111,32,255,255,255,0,1000,11,271.140
2018-01-04T09:30:58.626,32,255,255,255,0,542,60,271.140
2018-01-04T09:30:59.054,32,255,2,255,2,500,57,271.1999
2018-01-04T09:31:00.339,32,95,255,255,95,1000,1,271.160
2018-01-04T09:31:01.86,32,255,255,255,0,600,57,271.1689
2018-01-04T09:31:02.66,32,95,255,255,95,700,60,271.160
2018-01-04T09:31:03.953,32,255,255,255,0,500,7,271.160
2018-01-04T09:31:06.716,32,95,255,255,95,600,60,271.170
2018-01-04T09:31:06.745,32,255,255,255,0,700,68,271.165
2018-01-04T09:31:07.737,32,95,255,255,95,600,60,271.170
2018-01-04T09:31:07.737,32,255,255,255,0,1010,60,271.170
2018-01-04T09:31:07.737,32,255,255,255,0,2099,7,271.170
2018-01-04T09:31:07.737,32,255,255,255,0,700,7,271.170
2018-01-04T09:31:07.737,32,255,255,255,0,500,1,271.170
2018-01-04T09:31:07.778,32,255,255,255,0,600,7,271.180
2018-01-04T09:31:07.779,32,255,255,255,0,600,1,271.180
2018-01-04T09:31:07.784,32,255,255,255,0,3000,65,271.190
2018-01-04T09:31:07.786,32,255,255,255,0,1600,65,271.190
2018-01-04T09:31:07.788,32,255,255,255,0,5044,65,271.190
2018-01-04T09:31:08.052,32,95,255,255,95,900,7,271.190
2018-01-04T09:31:08.053,32,95,255,255,95,600,1,271.190
2018-01-04T09:31:08.053,32,95,255,255,95,500,9,271.190
2018-01-04T09:31:08.103,32,255,255,255,0,707,7,271.190
2018-01-04T09:31:10.149,32,95,255,255,95,600,7,271.200
2018-01-04T09:31:10.149,32,95,255,255,95,2000,60,271.200
2018-01-04T09:31:10.149,32,95,255,255,95,4300,7,271.200
2018-01-04T09:31:10.149,32,95,255,255,95,600,1,271.200
2018-01-04T09:31:10.149,32,95,255,255,95,600,65,271.200
2018-01-04T09:31:10.958,32,95,255,255,95,600,1,271.195
2018-01-04T09:31:10.959,32,95,255,255,95,700,1,271.190
2018-01-04T09:31:13.63,32,95,255,255,95,1800,1,271.190
2018-01-04T09:31:15.802,32,255,255,255,0,1900,1,271.190
2018-01-04T09:31:15.802,32,255,255,255,0,775,60,271.190
2018-01-04T09:31:15.802,32,255,255,255,0,1000,1,271.190
2018-01-04T09:31:17.126,32,255,255,255,0,1000,7,271.220
2018-01-04T09:31:17.126,32,255,255,255,0,2029,7,271.220
2018-01-04T09:31:18.993,32,255,255,255,0,1000,57,271.220
2018-01-04T09:31:19.481,32,255,255,255,0,885,1,271.220
2018-01-04T09:31:19.498,32,124,255,124,124,1000,57,271.220
2018-01-04T09:31:19.687,32,255,255,255,0,700,7,271.225
2018-01-04T09:31:20.026,32,95,255,255,95,1200,1,271.230
2018-01-04T09:31:20.026,32,95,255,255,95,700,1,271.230
2018-01-04T09:31:20.347,32,255,255,255,0,1400,7,271.230
2018-01-04T09:31:20.347,32,255,255,255,0,600,7,271.230
2018-01-04T09:31:20.379,32,255,255,255,0,527,68,271.230
2018-01-04T09:31:23.215,32,95,255,255,95,500,60,271.240
2018-01-04T09:31:25.17,32,95,255,255,95,600,7,271.240
2018-01-04T09:31:25.17,32,95,255,255,95,1000,7,271.250
2018-01-04T09:31:25.17,32,95,255,255,95,1000,63,271.250
2018-01-04T09:31:25.17,32,95,255,255,95,900,64,271.250
2018-01-04T09:31:25.17,32,95,255,255,95,1000,11,271.250
2018-01-04T09:31:25.17,32,95,255,255,95,3450,60,271.240
2018-01-04T09:31:25.17,32,95,255,255,95,500,60,271.240
2018-01-04T09:31:27.085,32,95,255,255,95,1010,60,271.250
2018-01-04T09:31:27.085,32,95,255,255,95,2200,1,271.250
2018-01-04T09:31:27.085,32,95,255,255,95,2741,1,271.250
2018-01-04T09:31:27.086,32,95,255,255,95,2359,1,271.250
2018-01-04T09:31:27.086,32,95,255,255,95,2100,65,271.250
2018-01-04T09:31:27.909,32,255,255,255,0,1661,57,271.2499
2018-01-04T09:31:29.012,32,95,255,255,95,500,11,271.250
2018-01-04T09:31:29.104,32,255,255,255,0,500,63,271.250
2018-01-04T09:31:30.381,32,255,255,255,0,900,60,271.240
2018-01-04T09:31:30.381,32,95,255,255,95,600,60,271.240
2018-01-04T09:31:30.583,32,255,255,255,0,900,57,271.230
2018-01-04T09:31:31.617,32,95,255,255,95,800,65,271.230
2018-01-04T09:31:31.62,32,255,255,255,0,1300,57,271.2311
2018-01-04T09:31:31.759,32,255,255,255,0,500,7,271.240
2018-01-04T09:31:32.973,32,95,255,255,95,1000,60,271.230
2018-01-04T09:31:32.973,32,95,255,255,95,1600,1,271.230
2018-01-04T09:31:34.468,32,255,255,255,0,600,64,271.215
2018-01-04T09:31:34.492,32,95,255,255,95,600,1,271.215
2018-01-04T09:31:34.546,32,255,255,255,0,500,57,271.230
2018-01-04T09:31:34.579,32,95,255,255,95,1000,63,271.230
2018-01-04T09:31:36.755,32,95,255,255,95,700,11,271.230
2018-01-04T09:31:37.486,32,255,255,255,0,621,7,271.230
2018-01-04T09:31:37.486,32,255,255,255,0,900,7,271.230
2018-01-04T09:31:37.583,32,95,255,255,95,1400,7,271.240
2018-01-04T09:31:38.069,32,95,255,255,95,2900,7,271.2400
2018-01-04T09:31:38.069,32,95,255,255,95,1010,60,271.240
2018-01-04T09:31:38.069,32,95,255,255,95,700,60,271.240
2018-01-04T09:31:38.069,32,95,255,255,95,700,1,271.240
2018-01-04T09:31:38.587,32,95,255,255,95,500,1,271.250
2018-01-04T09:31:38.831,32,255,255,255,0,3582,1,271.250
2018-01-04T09:31:38.832,32,95,255,255,95,2418,1,271.250
2018-01-04T09:31:40.067,32,95,255,255,95,4205,60,271.270
2018-01-04T09:31:42.751,32,95,255,255,95,1010,60,271.270
2018-01-04T09:31:42.889,32,95,255,255,95,950,60,271.280
2018-01-04T09:31:43.663,32,255,255,255,0,900,57,271.271
2018-01-04T09:31:45.158,32,255,255,255,0,500,57,271.280
2018-01-04T09:31:45.159,32,255,255,255,0,500,57,271.2799
2018-01-04T09:31:46.314,32,255,255,255,0,2300,57,271.2800
2018-01-04T09:31:46.317,32,255,255,255,0,500,57,271.280
2018-01-04T09:31:47.013,32,95,255,255,95,1100,11,271.260
2018-01-04T09:31:47.149,32,95,255,255,95,1010,60,271.230
2018-01-04T09:31:50.378,32,255,255,255,0,1000,7,271.230
2018-01-04T09:31:50.378,32,255,255,255,0,1000,7,271.230
2018-01-04T09:31:54.539,32,255,255,255,0,500,11,271.230
2018-01-04T09:31:57.487,32,95,255,255,95,1000,7,271.210
2018-01-04T09:31:57.487,32,95,255,255,95,1000,7,271.210
2018-01-04T09:31:57.487,32,95,255,255,95,500,1,271.210
2018-01-04T09:31:57.487,32,95,255,255,95,1000,1,271.210
2018-01-04T09:31:57.775,32,255,255,255,0,1000,7,271.200
2018-01-04T09:31:59.225,32,95,255,255,95,800,1,271.190
2018-01-04T09:31:59.225,32,95,255,255,95,1000,60,271.190
2018-01-04T09:31:59.225,32,95,255,255,95,2000,60,271.190
2018-01-04T09:31:59.347,32,95,255,255,95,500,7,271.180
2018-01-04T09:31:59.538,32,255,255,255,0,500,60,271.190
2018-01-04T09:32:00.506,32,95,255,255,95,791,7,271.200
2018-01-04T09:32:00.507,32,95,255,255,95,719,7,271.200
2018-01-04T09:32:00.864,32,255,255,255,0,1000,11,271.190
2018-01-04T09:32:02.829,32,255,255,255,0,500,57,271.175
2018-01-04T09:32:04.728,32,95,255,255,95,857,60,271.170
2018-01-04T09:32:12.507,32,255,255,255,0,807,7,271.220
2018-01-04T09:32:12.899,32,255,255,255,0,709,1,271.220
2018-01-04T09:32:12.899,32,95,255,255,95,1193,7,271.220
2018-01-04T09:32:12.899,32,95,255,255,95,807,7,271.220
2018-01-04T09:32:12.899,32,255,255,255,0,2106,1,271.220
2018-01-04T09:32:12.9,32,95,255,255,95,500,65,271.220
2018-01-04T09:32:12.9,32,95,255,255,95,800,60,271.220
2018-01-04T09:32:12.9,32,95,255,255,95,1010,60,271.220
2018-01-04T09:32:12.9,32,95,255,255,95,5000,1,271.220
2018-01-04T09:32:12.9,32,95,255,255,95,3521,1,271.220
2018-01-04T09:32:12.902,32,255,255,255,0,800,57,271.220
2018-01-04T09:32:12.903,32,95,255,255,95,700,7,271.230
2018-01-04T09:32:13.522,32,95,255,255,95,1008,7,271.220
2018-01-04T09:32:13.522,32,95,255,255,95,1000,9,271.220
2018-01-04T09:32:13.68,32,95,255,255,95,1000,7,271.220
2018-01-04T09:32:13.68,32,95,255,255,95,1100,9,271.220
2018-01-04T09:32:13.749,32,95,255,255,95,500,9,271.220
2018-01-04T09:32:13.749,32,95,255,255,95,638,7,271.220
2018-01-04T09:32:13.922,32,95,255,255,95,500,9,271.220
2018-01-04T09:32:14.694,32,255,255,255,0,800,60,271.220
2018-01-04T09:32:15.716,32,95,255,255,95,1000,63,271.220
2018-01-04T09:32:15.717,32,255,255,255,0,500,11,271.220
2018-01-04T09:32:15.867,32,95,255,255,95,800,7,271.210
2018-01-04T09:32:15.917,32,255,255,255,0,604,60,271.210
2018-01-04T09:32:16.502,32,95,255,255,95,1000,60,271.230
2018-01-04T09:32:16.763,32,255,255,255,0,700,57,271.221
2018-01-04T09:32:18.883,32,255,255,255,0,800,68,271.220
2018-01-04T09:32:19.175,32,255,255,255,0,900,68,271.220
2018-01-04T09:32:19.346,32,255,255,255,0,1400,7,271.220
2018-01-04T09:32:19.428,32,255,255,255,0,900,68,271.220
2018-01-04T09:32:20.473,32,95,255,255,95,700,9,271.210
2018-01-04T09:32:25.837,32,95,255,255,95,932,60,271.220
2018-01-04T09:32:29.622,32,95,255,255,95,674,11,271.220
2018-01-04T09:32:31.481,32,255,255,255,0,1000,7,271.230
2018-01-04T09:32:34.303,32,95,255,255,95,500,11,271.230
2018-01-04T09:32:34.361,32,255,255,255,0,800,60,271.220
2018-01-04T09:32:34.361,32,255,255,255,0,605,1,271.220
2018-01-04T09:32:34.361,32,255,255,255,0,1195,1,271.220
2018-01-04T09:32:34.361,32,95,255,255,95,1000,1,271.210
2018-01-04T09:32:34.364,32,255,255,255,0,500,65,271.210
2018-01-04T09:32:34.367,32,95,255,255,95,500,9,271.210
2018-01-04T09:32:34.377,32,255,255,255,0,700,64,271.220
2018-01-04T09:32:36.644,32,95,255,255,95,554,7,271.200
2018-01-04T09:32:36.726,32,95,255,255,95,500,7,271.210
2018-01-04T09:32:36.727,32,95,255,255,95,1400,7,271.210
2018-01-04T09:32:36.727,32,255,255,255,0,1010,60,271.210
2018-01-04T09:32:36.727,32,255,255,255,0,990,60,271.210
2018-01-04T09:32:36.727,32,255,255,255,0,1200,60,271.220
2018-01-04T09:32:36.727,32,255,255,255,0,500,60,271.220
2018-01-04T09:32:36.728,32,255,255,255,0,800,7,271.220
2018-01-04T09:32:37.968,32,95,255,255,95,692,7,271.210
2018-01-04T09:32:42.992,32,95,255,255,95,889,60,271.220
2018-01-04T09:32:45.076,32,255,255,255,0,1650,7,271.230
2018-01-04T09:32:45.076,32,255,255,255,0,2207,1,271.230
2018-01-04T09:32:45.076,32,255,255,255,0,700,7,271.230
2018-01-04T09:32:45.076,32,255,255,255,0,844,1,271.230
2018-01-04T09:32:45.076,32,255,255,255,0,500,65,271.230
2018-01-04T09:32:45.077,32,255,255,255,0,900,1,271.230
2018-01-04T09:32:45.077,32,255,255,255,0,800,1,271.230
2018-01-04T09:32:45.077,32,255,255,255,0,800,1,271.230
2018-01-04T09:32:45.985,32,255,255,255,0,600,64,271.240
2018-01-04T09:32:47.56,32,255,255,255,0,800,60,271.240
2018-01-04T09:32:47.56,32,255,255,255,0,678,60,271.240
2018-01-04T09:32:48.029,32,255,255,255,0,2582,64,271.240
2018-01-04T09:32:48.179,32,95,255,255,95,600,60,271.240
2018-01-04T09:32:48.179,32,95,255,255,95,1000,60,271.240
2018-01-04T09:32:48.179,32,95,255,255,95,4500,11,271.240
2018-01-04T09:32:48.18,32,255,255,255,0,1200,68,271.240
2018-01-04T09:32:48.18,32,95,255,255,95,500,4,271.240
2018-01-04T09:32:49.136,32,95,255,255,95,2000,7,271.230
2018-01-04T09:32:49.137,32,95,255,255,95,1000,60,271.230
2018-01-04T09:32:49.137,32,95,255,255,95,1000,60,271.230
2018-01-04T09:32:49.137,32,95,255,255,95,500,1,271.230
2018-01-04T09:32:49.137,32,95,255,255,95,500,11,271.230
2018-01-04T09:32:49.137,32,95,255,255,95,1000,1,271.230
2018-01-04T09:32:49.137,32,95,255,255,95,500,9,271.230
2018-01-04T09:32:49.142,32,95,255,255,95,700,65,271.240
2018-01-04T09:32:49.301,32,255,255,255,0,1000,64,271.250
2018-01-04T09:32:49.301,32,255,255,255,0,1200,7,271.250
2018-01-04T09:32:49.301,32,255,255,255,0,800,7,271.250
2018-01-04T09:32:49.858,32,255,255,255,0,600,57,271.245
2018-01-04T09:32:52.698,32,255,255,255,0,1010,60,271.2500
2018-01-04T09:32:54.101,32,255,255,255,0,1600,1,271.260
2018-01-04T09:32:54.101,32,255,255,255,0,3400,1,271.260
2018-01-04T09:32:54.855,32,255,255,255,0,999,7,271.270
2018-01-04T09:32:55.537,32,95,255,255,95,594,7,271.280
2018-01-04T09:32:55.537,32,95,255,255,95,1600,60,271.280
2018-01-04T09:32:57.001,32,255,255,255,0,600,7,271.290
2018-01-04T09:32:57.16,32,95,255,255,95,1000,7,271.300
2018-01-04T09:32:57.16,32,95,255,255,95,800,60,271.300
2018-01-04T09:32:58.644,32,255,255,255,0,645,64,271.310
2018-01-04T09:32:58.644,32,255,255,255,0,600,64,271.310
2018-01-04T09:32:58.644,32,255,255,255,0,600,64,271.310
2018-01-04T09:32:58.644,32,255,255,255,0,600,64,271.310
2018-01-04T09:32:58.644,32,255,255,255,0,600,64,271.310
2018-01-04T09:32:58.645,32,255,255,255,0,1400,64,271.310
2018-01-04T09:33:00.398,32,95,255,255,95,900,60,271.310
2018-01-04T09:33:01.296,32,255,255,255,0,5000,57,271.3026
2018-01-04T09:33:02.17,32,95,255,255,95,1093,7,271.305
2018-01-04T09:33:02.17,32,255,255,255,0,3000,7,271.300
2018-01-04T09:33:02.18,32,255,255,255,0,700,60,271.300
2018-01-04T09:33:02.18,32,255,255,255,0,2000,9,271.300
2018-01-04T09:33:02.18,32,255,255,255,0,500,9,271.300
2018-01-04T09:33:02.878,32,95,255,255,95,500,9,271.310
2018-01-04T09:33:02.878,32,95,255,255,95,832,7,271.310
2018-01-04T09:33:04.837,32,255,255,255,0,500,57,271.3115
2018-01-04T09:33:05.023,32,255,255,255,0,621,63,271.310
2018-01-04T09:33:05.024,32,255,255,255,0,500,11,271.310
2018-01-04T09:33:06.956,32,95,255,255,95,600,64,271.320
2018-01-04T09:33:06.956,32,95,255,255,95,5000,1,271.320
2018-01-04T09:33:06.956,32,95,255,255,95,1010,60,271.320
2018-01-04T09:33:06.956,32,95,255,255,95,3800,1,271.320
2018-01-04T09:33:06.957,32,95,255,255,95,600,7,271.330
2018-01-04T09:33:07.009,32,255,255,255,0,1000,64,271.330
2018-01-04T09:33:07.009,32,95,255,255,95,500,65,271.330
2018-01-04T09:33:07.009,32,95,255,255,95,1000,63,271.330
2018-01-04T09:33:07.009,32,95,255,255,95,1000,65,271.330
2018-01-04T09:33:07.009,32,95,255,255,95,1000,60,271.330
2018-01-04T09:33:07.009,32,95,255,255,95,1000,60,271.330
2018-01-04T09:33:07.009,32,95,255,255,95,1000,7,271.330
2018-01-04T09:33:07.009,32,95,255,255,95,971,7,271.330
2018-01-04T09:33:07.009,32,95,255,255,95,2000,9,271.330
2018-01-04T09:33:07.01,32,95,255,255,95,500,11,271.330
2018-01-04T09:33:07.01,32,95,255,255,95,500,9,271.330
2018-01-04T09:33:07.01,32,255,255,255,0,1000,68,271.330
2018-01-04T09:33:07.01,32,95,255,255,95,1000,1,271.330
2018-01-04T09:33:07.01,32,95,255,255,95,1000,1,271.330
2018-01-04T09:33:07.026,32,95,255,255,95,2000,17,271.330
2018-01-04T09:33:08.008,32,255,255,255,0,788,63,271.340
2018-01-04T09:33:08.008,32,255,255,255,0,1923,11,271.340
2018-01-04T09:33:08.404,32,95,255,255,95,665,1,271.340
2018-01-04T09:33:08.977,32,255,255,255,0,900,7,271.330
2018-01-04T09:33:08.978,32,255,255,255,0,500,60,271.330
2018-01-04T09:33:10.082,32,255,255,255,0,3000,57,271.310
2018-01-04T09:33:10.166,32,255,255,255,0,700,57,271.310
2018-01-04T09:33:11.427,32,255,255,255,0,3000,59,271.3142
2018-01-04T09:33:14.281,32,255,255,255,0,3000,57,271.300
2018-01-04T09:33:14.61,32,95,255,255,95,1010,60,271.310
2018-01-04T09:33:17.309,32,255,255,255,0,700,7,271.300
2018-01-04T09:33:18.195,32,255,255,255,0,2478,7,271.305
2018-01-04T09:33:18.196,32,255,255,255,0,1500,7,271.300
2018-01-04T09:33:18.196,32,255,255,255,0,1207,7,271.300
2018-01-04T09:33:20.901,32,255,255,255,0,500,11,271.300
2018-01-04T09:33:20.901,32,255,255,255,0,1000,11,271.300
2018-01-04T09:33:21.482,32,255,255,255,0,930,7,271.3100
2018-01-04T09:33:23.101,32,95,255,255,95,600,7,271.300
2018-01-04T09:33:23.101,32,95,255,255,95,700,60,271.300
2018-01-04T09:33:23.101,32,95,255,255,95,700,1,271.300
2018-01-04T09:33:23.607,32,255,255,255,0,1000,7,271.300
2018-01-04T09:33:23.86,32,255,255,255,0,567,60,271.300
2018-01-04T09:33:24.69,32,255,255,255,0,700,59,271.2944
2018-01-04T09:33:25.137,32,95,255,255,95,500,60,271.300
2018-01-04T09:33:25.765,32,95,255,255,95,940,7,271.280
2018-01-04T09:33:25.765,32,95,255,255,95,1100,9,271.280
2018-01-04T09:33:25.766,32,255,255,255,0,700,60,271.280
2018-01-04T09:33:25.767,32,255,255,255,0,2700,7,271.280
2018-01-04T09:33:25.767,32,255,255,255,0,1600,7,271.280
2018-01-04T09:33:25.767,32,255,255,255,0,1300,7,271.280
2018-01-04T09:33:25.769,32,255,255,255,0,3700,7,271.280
2018-01-04T09:33:25.769,32,255,255,255,0,1300,7,271.280
2018-01-04T09:33:26.087,32,95,255,255,95,1010,60,271.2900
2018-01-04T09:33:27.117,32,255,255,255,0,710,57,271.2901
2018-01-04T09:33:28.085,32,95,255,255,95,500,7,271.3000
2018-01-04T09:33:28.085,32,95,255,255,95,800,7,271.300
2018-01-04T09:33:28.085,32,95,255,255,95,700,7,271.300
2018-01-04T09:33:28.085,32,95,255,255,95,500,7,271.300
2018-01-04T09:33:28.085,32,95,255,255,95,1000,60,271.300
2018-01-04T09:33:28.883,32,95,255,255,95,600,65,271.310
2018-01-04T09:33:29.529,32,255,255,255,0,910,60,271.310
2018-01-04T09:33:29.529,32,255,255,255,0,1900,65,271.310
2018-01-04T09:33:30.909,32,255,255,255,0,1700,1,271.320
2018-01-04T09:33:30.909,32,255,255,255,0,3300,1,271.320
2018-01-04T09:33:30.909,32,255,255,255,0,3090,1,271.320
2018-01-04T09:33:31.632,32,255,255,255,0,700,60,271.330
2018-01-04T09:33:31.633,32,255,255,255,0,500,9,271.330
2018-01-04T09:33:31.633,32,255,255,255,0,500,9,271.330
2018-01-04T09:33:32.301,32,95,255,255,95,1000,63,271.320
2018-01-04T09:33:32.301,32,95,255,255,95,1000,64,271.320
2018-01-04T09:33:32.301,32,95,255,255,95,500,64,271.320
2018-01-04T09:33:32.301,32,95,255,255,95,500,63,271.320
2018-01-04T09:33:32.301,32,95,255,255,95,610,7,271.330
2018-01-04T09:33:32.301,32,95,255,255,95,600,1,271.330
2018-01-04T09:33:32.302,32,95,255,255,95,3000,7,271.330
2018-01-04T09:33:32.302,32,95,255,255,95,1000,7,271.320
2018-01-04T09:33:32.302,32,95,255,255,95,569,1,271.320
2018-01-04T09:33:32.302,32,95,255,255,95,1500,7,271.320
2018-01-04T09:33:32.302,32,95,255,255,95,500,7,271.320
2018-01-04T09:33:32.302,32,95,255,255,95,1000,1,271.320
2018-01-04T09:33:32.321,32,95,255,255,95,910,63,271.310
2018-01-04T09:33:32.321,32,95,255,255,95,900,64,271.310
2018-01-04T09:33:32.337,32,95,255,255,95,510,7,271.320
2018-01-04T09:33:35.227,32,255,255,255,0,800,60,271.320
2018-01-04T09:33:35.227,32,95,255,255,95,700,7,271.320
2018-01-04T09:33:35.227,32,95,255,255,95,5000,1,271.320
2018-01-04T09:33:35.227,32,95,255,255,95,5500,1,271.320
2018-01-04T09:33:36.284,32,255,255,255,0,10000,57,271.330
2018-01-04T09:33:36.423,32,255,255,255,0,2200,57,271.3301
2018-01-04T09:33:36.424,32,95,255,255,95,2000,17,271.3300
2018-01-04T09:33:36.425,32,255,255,255,0,1900,68,271.320
2018-01-04T09:33:36.425,32,255,255,255,0,600,68,271.320
2018-01-04T09:33:36.726,32,95,255,255,95,600,1,271.330
2018-01-04T09:33:37.236,32,255,255,255,0,4000,57,271.3303
2018-01-04T09:33:37.763,32,255,255,255,0,700,7,271.340
2018-01-04T09:33:38.099,32,255,255,255,0,1100,7,271.340
2018-01-04T09:33:38.476,32,255,255,255,0,600,63,271.340
2018-01-04T09:33:40.749,32,255,255,255,0,579,60,271.340
2018-01-04T09:33:41.252,32,124,255,124,124,1000,57,271.340
2018-01-04T09:33:41.261,32,95,255,255,95,500,60,271.350
2018-01-04T09:33:42.339,32,255,255,255,0,700,7,271.350
2018-01-04T09:33:42.735,32,255,255,255,0,800,7,271.360
2018-01-04T09:33:42.735,32,255,255,255,0,800,7,271.360
2018-01-04T09:33:42.837,32,124,255,124,124,1000,57,271.350
2018-01-04T09:33:46.781,32,95,255,255,95,500,7,271.370
2018-01-04T09:33:47.216,32,95,255,255,95,500,63,271.360
2018-01-04T09:33:47.96,32,255,255,255,0,500,57,271.370
2018-01-04T09:33:50.506,32,255,255,255,0,848,60,271.370
2018-01-04T09:33:50.518,32,255,255,255,0,500,60,271.380
2018-01-04T09:33:50.519,32,255,255,255,0,2700,7,271.380
2018-01-04T09:33:50.522,32,255,255,255,0,1000,7,271.380
2018-01-04T09:33:52.165,32,255,255,255,0,1200,7,271.380
2018-01-04T09:33:52.165,32,255,255,255,0,500,60,271.380
2018-01-04T09:33:52.169,32,95,255,255,95,2000,9,271.370
2018-01-04T09:33:52.169,32,95,255,255,95,1000,7,271.370
2018-01-04T09:33:52.779,32,255,255,255,0,4894,57,271.3799
2018-01-04T09:33:52.927,32,95,255,255,95,500,11,271.3800
2018-01-04T09:33:55.17,32,255,255,255,0,700,57,271.370
2018-01-04T09:33:56.124,32,95,255,255,95,600,60,271.370
2018-01-04T09:33:56.124,32,255,255,255,0,700,60,271.360
2018-01-04T09:33:59.68,32,255,255,255,0,500,11,271.370
2018-01-04T09:33:59.682,32,255,255,255,0,500,57,271.3699
2018-01-04T09:33:59.703,32,95,255,255,95,1010,60,271.3700
2018-01-04T09:33:59.703,32,95,255,255,95,990,60,271.370
2018-01-04T09:33:59.704,32,255,255,255,0,1010,57,271.3698
2018-01-04T09:33:59.706,32,255,255,255,0,990,57,271.3694
2018-01-04T09:34:00.857,32,255,255,255,0,500,7,271.350
2018-01-04T09:34:00.866,32,255,255,255,0,1000,1,271.360
2018-01-04T09:34:00.866,32,255,255,255,0,1600,7,271.360
2018-01-04T09:34:01.515,32,255,255,255,0,1000,7,271.360
2018-01-04T09:34:01.534,32,255,255,255,0,800,57,271.360
2018-01-04T09:34:02.164,32,255,255,255,0,1000,57,271.3662
2018-01-04T09:34:03.231,32,255,255,255,0,900,57,271.3600
2018-01-04T09:34:05.127,32,95,255,255,95,1000,7,271.350
2018-01-04T09:34:05.128,32,255,255,255,0,500,7,271.350
2018-01-04T09:34:05.128,32,255,255,255,0,500,7,271.350
2018-01-04T09:34:05.185,32,95,255,255,95,615,60,271.350
2018-01-04T09:34:05.303,32,95,255,255,95,507,60,271.360
2018-01-04T09:34:06.106,32,95,255,255,95,500,60,271.360
2018-01-04T09:34:08.108,32,255,255,255,0,900,57,271.360
2018-01-04T09:34:11.625,32,255,255,255,0,1000,7,271.370
2018-01-04T09:34:11.703,32,95,255,255,95,814,60,271.370
2018-01-04T09:34:13.186,32,255,255,255,0,1950,1,271.380
2018-01-04T09:34:13.209,32,95,255,255,95,3950,1,271.380
2018-01-04T09:34:13.209,32,95,255,255,95,500,1,271.380
2018-01-04T09:34:13.21,32,255,255,255,0,500,7,271.380
2018-01-04T09:34:13.212,32,255,255,255,0,500,60,271.390
2018-01-04T09:34:13.212,32,255,255,255,0,1000,7,271.390
2018-01-04T09:34:14.777,32,255,255,255,0,500,1,271.400
2018-01-04T09:34:15.113,32,255,255,255,0,700,57,271.390
2018-01-04T09:34:19.134,32,95,255,255,95,500,7,271.390
2018-01-04T09:34:20.117,32,255,255,255,0,3000,57,271.380
2018-01-04T09:34:21.377,32,95,255,255,95,619,7,271.380
2018-01-04T09:34:21.642,32,95,255,255,95,1000,65,271.370
2018-01-04T09:34:21.642,32,95,255,255,95,500,65,271.370
2018-01-04T09:34:21.642,32,95,255,255,95,1000,63,271.370
2018-01-04T09:34:21.642,32,95,255,255,95,1000,64,271.370
2018-01-04T09:34:21.642,32,95,255,255,95,500,64,271.370
2018-01-04T09:34:21.642,32,95,255,255,95,500,63,271.370
2018-01-04T09:34:21.642,32,95,255,255,95,500,60,271.370
2018-01-04T09:34:21.642,32,95,255,255,95,1000,60,271.370
2018-01-04T09:34:21.643,32,95,255,255,95,1000,7,271.370
2018-01-04T09:34:21.643,32,95,255,255,95,1000,11,271.370
2018-01-04T09:34:21.643,32,95,255,255,95,500,1,271.370
2018-01-04T09:34:21.643,32,95,255,255,95,1500,7,271.370
2018-01-04T09:34:21.643,32,95,255,255,95,1000,1,271.370
2018-01-04T09:34:21.643,32,95,255,255,95,500,1,271.370
2018-01-04T09:34:21.643,32,95,255,255,95,3000,7,271.370
2018-01-04T09:34:21.643,32,95,255,255,95,2000,9,271.370
2018-01-04T09:34:21.643,32,95,255,255,95,1000,4,271.370
2018-01-04T09:34:21.644,32,255,255,255,0,800,7,271.380
2018-01-04T09:34:21.658,32,95,255,255,95,2000,17,271.380
2018-01-04T09:34:21.659,32,95,255,255,95,500,65,271.370
2018-01-04T09:34:21.661,32,95,255,255,95,500,60,271.370
2018-01-04T09:34:21.665,32,95,255,255,95,600,7,271.380
2018-01-04T09:34:21.671,32,95,255,255,95,1000,4,271.370
2018-01-04T09:34:21.673,32,95,255,255,95,500,1,271.370
2018-01-04T09:34:21.675,32,95,255,255,95,580,7,271.370
2018-01-04T09:34:21.676,32,95,255,255,95,500,65,271.370
2018-01-04T09:34:21.686,32,95,255,255,95,700,17,271.380
2018-01-04T09:34:21.708,32,255,255,255,0,700,57,271.390
2018-01-04T09:34:21.901,32,255,255,255,0,848,60,271.380
2018-01-04T09:34:21.964,32,95,255,255,95,600,7,271.380
2018-01-04T09:34:21.964,32,95,255,255,95,900,1,271.380
2018-01-04T09:34:22.225,32,255,255,255,0,800,7,271.380
2018-01-04T09:34:22.225,32,255,255,255,0,600,1,271.380
2018-01-04T09:34:22.225,32,255,255,255,0,1000,1,271.380
2018-01-04T09:34:22.276,32,255,255,255,0,5500,57,271.370
2018-01-04T09:34:23.702,32,255,255,255,0,1800,57,271.375
2018-01-04T09:34:24.451,32,255,255,255,0,500,63,271.3800
2018-01-04T09:34:24.452,32,255,255,255,0,500,63,271.3800
2018-01-04T09:34:24.458,32,255,255,255,0,500,57,271.380
2018-01-04T09:34:25.095,32,255,255,255,0,700,7,271.380
2018-01-04T09:34:27.92,32,255,255,255,0,600,7,271.390
2018-01-04T09:34:27.92,32,255,255,255,0,5900,1,271.390
2018-01-04T09:34:29.323,32,255,255,255,0,600,60,271.380
2018-01-04T09:34:30.053,32,255,255,255,0,700,7,271.390
2018-01-04T09:34:30.761,32,255,255,255,0,2455,59,271.3999
2018-01-04T09:34:31.112,32,255,255,255,0,600,57,271.400
2018-01-04T09:34:31.745,32,255,255,255,0,1000,63,271.390
2018-01-04T09:34:31.746,32,255,255,255,0,1000,64,271.390
2018-01-04T09:34:31.746,32,255,255,255,0,1000,11,271.390
2018-01-04T09:34:32.045,32,255,255,255,0,800,57,271.390
2018-01-04T09:34:32.534,32,95,255,255,95,1800,9,271.390
2018-01-04T09:34:32.962,32,95,255,255,95,500,7,271.380
2018-01-04T09:34:33.227,32,95,255,255,95,3375,1,271.390
2018-01-04T09:34:33.832,32,255,255,255,0,1800,7,271.380
2018-01-04T09:34:33.836,32,255,255,255,0,600,64,271.380
2018-01-04T09:34:33.891,32,95,255,255,95,800,7,271.380
2018-01-04T09:34:34.338,32,255,255,255,0,2400,7,271.380
2018-01-04T09:34:34.521,32,95,255,255,95,1500,7,271.370
2018-01-04T09:34:34.521,32,95,255,255,95,500,7,271.370
2018-01-04T09:34:34.521,32,255,255,255,0,654,60,271.370
2018-01-04T09:34:35.042,32,95,255,255,95,1000,7,271.380
2018-01-04T09:34:35.042,32,95,255,255,95,1000,7,271.380
2018-01-04T09:34:35.042,32,95,255,255,95,2000,9,271.380
2018-01-04T09:34:35.042,32,95,255,255,95,2000,9,271.380
2018-01-04T09:34:35.042,32,95,255,255,95,1000,65,271.380
2018-01-04T09:34:35.042,32,95,255,255,95,500,65,271.380
2018-01-04T09:34:35.042,32,255,255,255,0,500,65,271.380
2018-01-04T09:34:35.042,32,95,255,255,95,900,60,271.380
2018-01-04T09:34:35.042,32,255,255,255,0,1000,60,271.380
2018-01-04T09:34:35.042,32,255,255,255,0,738,1,271.380
2018-01-04T09:34:35.042,32,255,255,255,0,1000,57,271.380
2018-01-04T09:34:35.045,32,255,255,255,0,600,57,271.380
2018-01-04T09:34:35.62,32,95,255,255,95,500,7,271.360
2018-01-04T09:34:35.62,32,95,255,255,95,500,1,271.360
2018-01-04T09:34:36.045,32,255,255,255,0,1400,7,271.360
2018-01-04T09:34:37.247,32,95,255,255,95,500,60,271.370
2018-01-04T09:34:37.349,32,95,255,255,95,500,7,271.360
2018-01-04T09:34:37.349,32,95,255,255,95,500,7,271.360
2018-01-04T09:34:37.349,32,95,255,255,95,2500,7,271.360
2018-01-04T09:34:37.349,32,95,255,255,95,500,9,271.360
2018-01-04T09:34:37.349,32,95,255,255,95,1000,1,271.360
2018-01-04T09:34:37.891,32,255,255,255,0,3100,17,271.3700
2018-01-04T09:34:37.893,32,255,255,255,0,3100,59,271.3667
2018-01-04T09:34:37.963,32,255,255,255,0,500,7,271.3600
2018-01-04T09:34:37.963,32,95,255,255,95,500,7,271.350
2018-01-04T09:34:37.963,32,95,255,255,95,3000,7,271.350
2018-01-04T09:34:37.963,32,95,255,255,95,1500,7,271.350
2018-01-04T09:34:37.963,32,95,255,255,95,1000,7,271.350
2018-01-04T09:34:37.964,32,95,255,255,95,500,60,271.350
2018-01-04T09:34:37.964,32,95,255,255,95,500,60,271.350
2018-01-04T09:34:37.964,32,95,255,255,95,1000,64,271.350
2018-01-04T09:34:37.964,32,95,255,255,95,1000,60,271.350
2018-01-04T09:34:37.964,32,95,255,255,95,500,65,271.350
2018-01-04T09:34:37.964,32,95,255,255,95,1000,65,271.350
2018-01-04T09:34:37.964,32,95,255,255,95,500,1,271.350
2018-01-04T09:34:37.964,32,95,255,255,95,1000,1,271.350
2018-01-04T09:34:37.964,32,255,255,255,0,500,7,271.350
2018-01-04T09:34:37.965,32,95,255,255,95,2000,9,271.350
2018-01-04T09:34:37.981,32,95,255,255,95,2000,17,271.350
2018-01-04T09:34:37.981,32,95,255,255,95,2887,17,271.350
2018-01-04T09:34:38.979,32,95,255,255,95,2000,17,271.350
2018-01-04T09:34:41.533,32,255,255,255,0,500,59,271.345
2018-01-04T09:34:41.634,32,255,255,255,0,1000,57,271.340
2018-01-04T09:34:42.567,32,255,255,255,0,1200,59,271.340
2018-01-04T09:34:43.316,32,95,255,255,95,1300,7,271.340
2018-01-04T09:34:43.316,32,95,255,255,95,1484,7,271.340
2018-01-04T09:34:44.047,32,255,255,255,0,1000,7,271.320
2018-01-04T09:34:44.047,32,95,255,255,95,1000,65,271.320
2018-01-04T09:34:44.048,32,95,255,255,95,500,60,271.320
2018-01-04T09:34:44.048,32,95,255,255,95,1000,60,271.320
2018-01-04T09:34:44.048,32,95,255,255,95,1000,64,271.320
2018-01-04T09:34:44.048,32,255,255,255,0,1500,7,271.320
2018-01-04T09:34:44.048,32,255,255,255,0,700,7,271.320
2018-01-04T09:34:44.051,32,255,255,255,0,10000,7,271.320
2018-01-04T09:34:44.054,32,255,255,255,0,2000,7,271.320
2018-01-04T09:34:44.065,32,95,255,255,95,10000,17,271.320
2018-01-04T09:34:44.073,32,255,255,255,0,1010,60,271.320
2018-01-04T09:34:44.448,32,95,255,255,95,50422,7,271.3200
2018-01-04T09:34:44.448,32,95,255,255,95,5774,7,271.3200
2018-01-04T09:34:44.448,32,95,255,255,95,700,7,271.320
2018-01-04T09:34:44.448,32,95,255,255,95,1000,7,271.330
2018-01-04T09:34:44.449,32,95,255,255,95,900,7,271.330
2018-01-04T09:34:44.467,32,255,255,255,0,2700,57,271.340
2018-01-04T09:34:44.686,32,95,255,255,95,543,60,271.350
2018-01-04T09:34:49.276,32,255,255,255,0,500,7,271.350
2018-01-04T09:34:49.571,32,95,255,255,95,910,60,271.350
2018-01-04T09:34:50.426,32,255,255,255,0,2100,7,271.360
2018-01-04T09:34:51.788,32,255,255,255,0,900,65,271.360
2018-01-04T09:34:52.149,32,255,255,255,0,1000,68,271.360
2018-01-04T09:34:52.149,32,95,255,255,95,1000,64,271.360
2018-01-04T09:34:52.149,32,95,255,255,95,1000,63,271.360
2018-01-04T09:34:52.149,32,95,255,255,95,500,11,271.360
2018-01-04T09:34:52.685,32,255,255,255,0,600,1,271.370
2018-01-04T09:34:52.962,32,255,255,255,0,500,7,271.365
2018-01-04T09:34:53.688,32,95,255,255,95,500,7,271.350
2018-01-04T09:34:55.963,32,95,255,255,95,650,7,271.340
2018-01-04T09:35:00.022,32,255,255,255,0,700,7,271.3700
2018-01-04T09:35:00.022,32,255,255,255,0,500,7,271.370
2018-01-04T09:35:00.022,32,255,255,255,0,900,65,271.370
2018-01-04T09:35:00.614,32,255,255,255,0,500,60,271.380
2018-01-04T09:35:00.614,32,255,255,255,0,500,60,271.380
2018-01-04T09:35:00.614,32,255,255,255,0,700,65,271.380
2018-01-04T09:35:01.811,32,255,255,255,0,1000,57,271.381
2018-01-04T09:35:03.357,32,255,255,255,0,600,57,271.3811
2018-01-04T09:35:04.03,32,255,255,255,0,650,60,271.390
2018-01-04T09:35:04.031,32,255,255,255,0,1000,63,271.400
2018-01-04T09:35:04.031,32,255,255,255,0,1000,11,271.400
2018-01-04T09:35:04.033,32,255,255,255,0,1000,57,271.390
2018-01-04T09:35:06.686,32,95,255,255,95,500,7,271.370
2018-01-04T09:35:08.295,32,95,255,255,95,700,60,271.370
2018-01-04T09:35:08.295,32,255,255,255,0,600,60,271.370
2018-01-04T09:35:09.86,32,95,255,255,95,500,11,271.380
2018-01-04T09:35:12.586,32,95,255,255,95,1000,1,271.370
2018-01-04T09:35:12.586,32,95,255,255,95,1000,60,271.370
2018-01-04T09:35:16.625,32,95,255,255,95,600,7,271.360
2018-01-04T09:35:16.625,32,95,255,255,95,1100,1,271.360
2018-01-04T09:35:16.626,32,95,255,255,95,608,1,271.360
2018-01-04T09:35:16.779,32,95,255,255,95,900,17,271.370
2018-01-04T09:35:16.786,32,95,255,255,95,3192,1,271.360
2018-01-04T09:35:16.786,32,95,255,255,95,500,7,271.360
2018-01-04T09:35:16.786,32,95,255,255,95,6400,7,271.360
2018-01-04T09:35:16.786,32,95,255,255,95,1600,60,271.360
2018-01-04T09:35:23.536,32,255,255,255,0,600,7,271.3700
2018-01-04T09:35:23.849,32,95,255,255,95,500,65,271.360
2018-01-04T09:35:23.849,32,95,255,255,95,1000,65,271.360
2018-01-04T09:35:23.849,32,95,255,255,95,1000,60,271.360
2018-01-04T09:35:24.262,32,95,255,255,95,896,60,271.360
2018-01-04T09:35:24.262,32,255,255,255,0,500,7,271.360
2018-01-04T09:35:24.262,32,95,255,255,95,1000,1,271.360
2018-01-04T09:35:25.022,32,255,255,255,0,500,1,271.360
2018-01-04T09:35:25.435,32,255,255,255,0,1000,60,271.350
2018-01-04T09:35:25.435,32,255,255,255,0,1000,1,271.350
2018-01-04T09:35:25.435,32,255,255,255,0,500,1,271.350
2018-01-04T09:35:25.466,32,255,255,255,0,3000,7,271.350
2018-01-04T09:35:25.466,32,255,255,255,0,1200,7,271.350
2018-01-04T09:35:25.484,32,95,255,255,95,1400,17,271.350
2018-01-04T09:35:26.963,32,95,255,255,95,800,7,271.350
2018-01-04T09:35:28.159,32,255,255,255,0,540,57,271.350
2018-01-04T09:35:28.453,32,255,255,255,0,500,1,271.360
2018-01-04T09:35:28.453,32,255,255,255,0,5000,1,271.360
2018-01-04T09:35:28.453,32,255,255,255,0,1121,1,271.360
2018-01-04T09:35:28.453,32,255,255,255,0,4700,1,271.360
2018-01-04T09:35:28.453,32,255,255,255,0,2000,1,271.360
2018-01-04T09:35:28.464,32,95,255,255,95,2378,1,271.360
2018-01-04T09:35:29.144,32,255,255,255,0,1000,60,271.360
2018-01-04T09:35:29.147,32,255,255,255,0,500,65,271.360
2018-01-04T09:35:29.149,32,255,255,255,0,637,7,271.360
2018-01-04T09:35:29.149,32,255,255,255,0,1000,63,271.360
2018-01-04T09:35:30.507,32,255,255,255,0,500,7,271.370
2018-01-04T09:35:31.008,32,124,255,124,124,2400,57,271.370
2018-01-04T09:35:31.377,32,255,255,255,0,1000,60,271.360
2018-01-04T09:35:31.377,32,255,255,255,0,1000,1,271.360
2018-01-04T09:35:33.068,32,95,255,255,95,1000,7,271.370
2018-01-04T09:35:33.068,32,95,255,255,95,1000,7,271.380
2018-01-04T09:35:33.068,32,95,255,255,95,1500,7,271.380
2018-01-04T09:35:33.068,32,95,255,255,95,1000,7,271.380
2018-01-04T09:35:33.068,32,95,255,255,95,800,7,271.380
2018-01-04T09:35:33.068,32,95,255,255,95,798,65,271.360
2018-01-04T09:35:33.069,32,95,255,255,95,500,60,271.370
2018-01-04T09:35:33.069,32,95,255,255,95,1000,60,271.370
2018-01-04T09:35:33.069,32,95,255,255,95,500,60,271.370
2018-01-04T09:35:33.069,32,95,255,255,95,1000,63,271.370
2018-01-04T09:35:33.069,32,95,255,255,95,1000,65,271.370
2018-01-04T09:35:33.069,32,95,255,255,95,1000,64,271.370
2018-01-04T09:35:33.069,32,95,255,255,95,900,60,271.380
2018-01-04T09:35:33.069,32,95,255,255,95,1000,1,271.370
2018-01-04T09:35:33.069,32,95,255,255,95,1000,11,271.370
2018-01-04T09:35:33.069,32,95,255,255,95,1000,11,271.380
2018-01-04T09:35:33.069,32,95,255,255,95,2000,9,271.370
2018-01-04T09:35:33.07,32,95,255,255,95,800,7,271.380
2018-01-04T09:35:33.086,32,95,255,255,95,10000,17,271.370
2018-01-04T09:35:33.919,32,255,255,255,0,800,7,271.380
2018-01-04T09:35:34.033,32,95,255,255,95,800,7,271.390
2018-01-04T09:35:34.519,32,255,255,255,0,1000,60,271.380
2018-01-04T09:35:34.519,32,255,255,255,0,1000,60,271.380
2018-01-04T09:35:34.52,32,255,255,255,0,900,1,271.380
2018-01-04T09:35:34.52,32,255,255,255,0,1000,1,271.380
2018-01-04T09:35:35.032,32,95,255,255,95,500,7,271.390
2018-01-04T09:35:35.168,32,255,255,255,0,2000,57,271.380
2018-01-04T09:35:35.774,32,124,255,124,124,2400,57,271.3999
2018-01-04T09:35:36.006,32,95,255,255,95,615,65,271.360
2018-01-04T09:35:36.006,32,95,255,255,95,615,65,271.360
2018-01-04T09:35:36.006,32,95,255,255,95,570,65,271.360
2018-01-04T09:35:36.007,32,95,255,255,95,1000,1,271.360
2018-01-04T09:35:36.007,32,95,255,255,95,500,9,271.360
2018-01-04T09:35:36.007,32,95,255,255,95,1000,60,271.360
2018-01-04T09:35:36.007,32,95,255,255,95,1000,7,271.360
2018-01-04T09:35:36.007,32,95,255,255,95,500,65,271.360
2018-01-04T09:35:36.506,32,255,255,255,0,1000,63,271.350
2018-01-04T09:35:36.506,32,255,255,255,0,800,64,271.350
2018-01-04T09:35:36.506,32,255,255,255,0,1000,11,271.350
2018-01-04T09:35:37.032,32,95,255,255,95,500,65,271.370
2018-01-04T09:35:37.217,32,255,255,255,0,600,1,271.360
2018-01-04T09:35:37.218,32,255,255,255,0,500,9,271.360
2018-01-04T09:35:39.525,32,255,255,255,0,500,60,271.3600
2018-01-04T09:35:39.533,32,255,255,255,0,500,65,271.360
2018-01-04T09:35:39.658,32,95,255,255,95,500,60,271.360
2018-01-04T09:35:40.025,32,255,255,255,0,800,60,271.360
2018-01-04T09:35:40.627,32,95,255,255,95,3000,7,271.350
2018-01-04T09:35:40.627,32,95,255,255,95,600,7,271.350
2018-01-04T09:35:40.627,32,95,255,255,95,650,60,271.350
2018-01-04T09:35:40.627,32,95,255,255,95,1000,60,271.350
2018-01-04T09:35:40.644,32,95,255,255,95,2000,17,271.350
2018-01-04T09:35:40.645,32,95,255,255,95,1050,68,271.340
2018-01-04T09:35:42.042,32,255,255,255,0,766,1,271.360
2018-01-04T09:35:42.042,32,255,255,255,0,500,7,271.360
2018-01-04T09:35:42.047,32,255,255,255,0,600,60,271.360
2018-01-04T09:35:42.542,32,255,255,255,0,800,60,271.360
2018-01-04T09:35:42.543,32,255,255,255,0,1100,1,271.360
2018-01-04T09:35:43.044,32,255,255,255,0,2100,1,271.360
2018-01-04T09:35:43.06,32,255,255,255,0,3300,1,271.360
2018-01-04T09:35:43.155,32,95,255,255,95,618,1,271.360
2018-01-04T09:35:43.382,32,255,255,255,0,1000,1,271.360
2018-01-04T09:35:43.388,32,255,255,255,0,1000,60,271.360
2018-01-04T09:35:43.388,32,255,255,255,0,500,65,271.360
2018-01-04T09:35:43.388,32,255,255,255,0,982,7,271.360
2018-01-04T09:35:43.39,32,255,255,255,0,500,9,271.360
2018-01-04T09:35:43.392,32,255,255,255,0,1000,64,271.350
2018-01-04T09:35:43.4,32,95,255,255,95,500,60,271.360
2018-01-04T09:35:43.4,32,95,255,255,95,500,1,271.360
2018-01-04T09:35:43.4,32,95,255,255,95,600,1,271.360
2018-01-04T09:35:43.514,32,95,255,255,95,500,65,271.370
2018-01-04T09:35:44.743,32,255,255,255,0,1000,64,271.350
2018-01-04T09:35:44.743,32,255,255,255,0,500,60,271.355
2018-01-04T09:35:44.743,32,255,255,255,0,500,60,271.350
2018-01-04T09:35:44.743,32,255,255,255,0,500,60,271.350
2018-01-04T09:35:44.744,32,255,255,255,0,1000,7,271.350
2018-01-04T09:35:44.744,32,255,255,255,0,600,65,271.350
2018-01-04T09:35:44.745,32,255,255,255,0,1000,1,271.350
2018-01-04T09:35:44.746,32,95,255,255,95,1700,9,271.350
2018-01-04T09:35:44.756,32,255,255,255,0,1000,11,271.360
2018-01-04T09:35:44.774,32,255,255,255,0,1200,57,271.345
2018-01-04T09:35:45.246,32,255,255,255,0,900,1,271.350
2018-01-04T09:35:46.134,32,255,255,255,0,1000,60,271.350
2018-01-04T09:35:46.135,32,255,255,255,0,1000,1,271.350
2018-01-04T09:35:46.158,32,255,255,255,0,1000,11,271.360
2018-01-04T09:35:46.266,32,255,255,255,0,600,57,271.350
2018-01-04T09:35:46.3,32,255,255,255,0,1062,57,271.350
2018-01-04T09:35:46.947,32,95,255,255,95,1000,60,271.350
2018-01-04T09:35:46.947,32,95,255,255,95,1000,7,271.350
2018-01-04T09:35:46.947,32,95,255,255,95,990,1,271.350
2018-01-04T09:35:46.964,32,95,255,255,95,2000,17,271.350
2018-01-04T09:35:47.757,32,255,255,255,0,700,7,271.360
2018-01-04T09:35:48.009,32,255,255,255,0,625,57,271.3565
2018-01-04T09:35:48.111,32,255,255,255,0,599,60,271.3600
2018-01-04T09:35:48.258,32,255,255,255,0,600,60,271.360
2018-01-04T09:35:48.259,32,255,255,255,0,800,1,271.360
2018-01-04T09:35:49.13,32,255,255,255,0,1200,11,271.350
2018-01-04T09:35:49.13,32,255,255,255,0,1200,11,271.350
2018-01-04T09:35:49.2,32,95,255,255,95,2000,17,271.350
2018-01-04T09:35:49.882,32,255,255,255,0,554,7,271.340
2018-01-04T09:35:50.197,32,255,255,255,0,500,1,271.350
2018-01-04T09:35:50.383,32,255,255,255,0,800,7,271.360
2018-01-04T09:35:50.384,32,255,255,255,0,800,1,271.360
2018-01-04T09:35:50.399,32,255,255,255,0,600,60,271.360
2018-01-04T09:35:50.683,32,255,255,255,0,502,64,271.370
2018-01-04T09:35:52.194,32,255,255,255,0,800,7,271.370
2018-01-04T09:35:52.197,32,255,255,255,0,1600,7,271.380
2018-01-04T09:35:53.847,32,255,255,255,0,500,7,271.3700
2018-01-04T09:35:54.601,32,255,255,255,0,500,9,271.370
2018-01-04T09:35:54.601,32,255,255,255,0,500,65,271.370
2018-01-04T09:35:54.602,32,255,255,255,0,1000,1,271.370
2018-01-04T09:35:54.602,32,255,255,255,0,1000,1,271.370
2018-01-04T09:35:54.618,32,255,255,255,0,1000,11,271.370
2018-01-04T09:35:54.791,32,255,255,255,0,500,60,271.370
2018-01-04T09:35:55.842,32,255,255,255,0,500,57,271.365
2018-01-04T09:35:56.862,32,255,255,255,0,900,1,271.370
2018-01-04T09:35:56.873,32,255,255,255,0,500,7,271.370
2018-01-04T09:35:57.141,32,255,255,255,0,700,59,271.3659
2018-01-04T09:35:58.035,32,255,255,255,0,500,1,271.370
2018-01-04T09:35:59.104,32,95,255,255,95,500,65,271.360
2018-01-04T09:35:59.567,32,255,255,255,0,500,59,271.358
2018-01-04T09:36:00.139,32,95,255,255,95,500,60,271.360
2018-01-04T09:36:01.25,32,255,255,255,0,1000,7,271.360
2018-01-04T09:36:01.25,32,255,255,255,0,900,7,271.360
2018-01-04T09:36:01.251,32,255,255,255,0,900,64,271.360
2018-01-04T09:36:01.251,32,255,255,255,0,1000,60,271.360
2018-01-04T09:36:01.251,32,255,255,255,0,1000,1,271.360
2018-01-04T09:36:01.988,32,95,255,255,95,500,9,271.360
2018-01-04T09:36:02.296,32,255,255,255,0,1000,60,271.370
2018-01-04T09:36:02.299,32,95,255,255,95,3000,7,271.380
2018-01-04T09:36:02.301,32,255,255,255,0,500,60,271.380
2018-01-04T09:36:02.302,32,95,255,255,95,10700,1,271.380
2018-01-04T09:36:02.307,32,255,255,255,0,650,60,271.390
2018-01-04T09:36:02.32,32,95,255,255,95,4800,1,271.400
2018-01-04T09:36:02.335,32,255,255,255,0,700,57,271.400
2018-01-04T09:36:02.544,32,255,255,255,0,1400,57,271.4050
2018-01-04T09:36:02.588,32,255,255,255,0,500,57,271.4050
2018-01-04T09:36:03.454,32,255,255,255,0,1400,57,271.405
2018-01-04T09:36:03.494,32,95,255,255,95,900,7,271.410
2018-01-04T09:36:03.494,32,95,255,255,95,800,1,271.410
2018-01-04T09:36:03.494,32,95,255,255,95,1100,1,271.410
2018-01-04T09:36:03.494,32,95,255,255,95,800,1,271.410
2018-01-04T09:36:03.495,32,255,255,255,0,1000,57,271.405
2018-01-04T09:36:03.5,32,255,255,255,0,1000,57,271.405
2018-01-04T09:36:03.65,32,255,255,255,0,700,7,271.400
2018-01-04T09:36:04.247,32,255,255,255,0,1000,1,271.400
2018-01-04T09:36:04.247,32,255,255,255,0,600,1,271.400
2018-01-04T09:36:04.597,32,255,255,255,0,900,7,271.410
2018-01-04T09:36:04.62,32,255,255,255,0,988,7,271.410
2018-01-04T09:36:04.631,32,255,255,255,0,1000,63,271.420
2018-01-04T09:36:04.632,32,255,255,255,0,1000,11,271.420
2018-01-04T09:36:05.224,32,95,255,255,95,500,60,271.420
2018-01-04T09:36:05.224,32,95,255,255,95,900,60,271.420
2018-01-04T09:36:05.224,32,255,255,255,0,800,65,271.420
2018-01-04T09:36:05.225,32,255,255,255,0,1100,57,271.415
2018-01-04T09:36:05.225,32,95,255,255,95,500,60,271.420
2018-01-04T09:36:05.225,32,95,255,255,95,600,65,271.420
2018-01-04T09:36:05.229,32,255,255,255,0,519,1,271.420
2018-01-04T09:36:05.229,32,255,255,255,0,1081,1,271.420
2018-01-04T09:36:05.23,32,255,255,255,0,1100,57,271.415
2018-01-04T09:36:05.233,32,255,255,255,0,500,7,271.430
2018-01-04T09:36:05.252,32,95,255,255,95,600,17,271.430
2018-01-04T09:36:05.253,32,95,255,255,95,500,17,271.430
2018-01-04T09:36:05.255,32,255,255,255,0,17500,57,271.415
2018-01-04T09:36:07.851,32,255,255,255,0,3600,1,271.420
2018-01-04T09:36:07.851,32,255,255,255,0,3300,1,271.420
2018-01-04T09:36:10.625,32,255,255,255,0,824,1,271.420
2018-01-04T09:36:15.168,32,95,255,255,95,1000,1,271.4200
2018-01-04T09:36:15.364,32,255,255,255,0,700,7,271.420
2018-01-04T09:36:15.366,32,255,255,255,0,900,57,271.415
2018-01-04T09:36:15.371,32,255,255,255,0,900,57,271.415
2018-01-04T09:36:16.906,32,95,255,255,95,700,7,271.420
2018-01-04T09:36:16.906,32,255,255,255,0,900,1,271.420
2018-01-04T09:36:16.906,32,255,255,255,0,900,1,271.420
2018-01-04T09:36:16.908,32,255,255,255,0,1300,57,271.415
2018-01-04T09:36:16.91,32,255,255,255,0,500,63,271.430
2018-01-04T09:36:16.91,32,255,255,255,0,1300,1,271.430
2018-01-04T09:36:16.914,32,255,255,255,0,1300,57,271.415
2018-01-04T09:36:17.083,32,255,255,255,0,1400,57,271.425
2018-01-04T09:36:17.185,32,255,255,255,0,1400,57,271.425
2018-01-04T09:36:18.761,32,95,255,255,95,900,60,271.420
2018-01-04T09:36:20.397,32,255,255,255,0,1300,1,271.420
2018-01-04T09:36:20.397,32,255,255,255,0,1300,57,271.415
2018-01-04T09:36:20.402,32,255,255,255,0,1300,57,271.415
2018-01-04T09:36:20.403,32,255,255,255,0,500,11,271.410
2018-01-04T09:36:21.512,32,255,255,255,0,500,7,271.420
2018-01-04T09:36:22.205,32,255,255,255,0,800,57,271.415
2018-01-04T09:36:22.624,32,255,255,255,0,500,7,271.420
2018-01-04T09:36:23.078,32,95,255,255,95,796,60,271.410
2018-01-04T09:36:23.078,32,95,255,255,95,1000,1,271.410
2018-01-04T09:36:23.451,32,255,255,255,0,1000,1,271.400
2018-01-04T09:36:23.451,32,255,255,255,0,2000,9,271.400
2018-01-04T09:36:23.451,32,255,255,255,0,1300,1,271.400
2018-01-04T09:36:23.451,32,255,255,255,0,1300,1,271.400
2018-01-04T09:36:23.726,32,255,255,255,0,1000,1,271.410
2018-01-04T09:36:24.321,32,255,255,255,0,1400,57,271.405
2018-01-04T09:36:24.336,32,255,255,255,0,1400,57,271.405
2018-01-04T09:36:24.827,32,95,255,255,95,1300,1,271.410
2018-01-04T09:36:24.828,32,95,255,255,95,700,1,271.410
2018-01-04T09:36:25.015,32,255,255,255,0,700,1,271.410
2018-01-04T09:36:25.015,32,255,255,255,0,1400,57,271.405
2018-01-04T09:36:25.021,32,255,255,255,0,1400,57,271.405
2018-01-04T09:36:25.941,32,255,255,255,0,500,7,271.410
2018-01-04T09:36:26.925,32,255,255,255,0,1200,68,271.410
2018-01-04T09:36:26.925,32,255,255,255,0,4600,68,271.410
2018-01-04T09:36:26.925,32,255,255,255,0,4600,57,271.4075
2018-01-04T09:36:26.926,32,95,255,255,95,8500,7,271.4200
2018-01-04T09:36:26.926,32,95,255,255,95,2216,7,271.420
2018-01-04T09:36:26.926,32,95,255,255,95,6284,7,271.420
2018-01-04T09:36:26.926,32,95,255,255,95,4432,7,271.420
2018-01-04T09:36:26.926,32,95,255,255,95,900,60,271.420
2018-01-04T09:36:26.926,32,95,255,255,95,800,65,271.420
2018-01-04T09:36:26.926,32,95,255,255,95,1400,1,271.420
2018-01-04T09:36:26.926,32,95,255,255,95,1400,1,271.420
2018-01-04T09:36:26.927,32,95,255,255,95,2068,7,271.420
2018-01-04T09:36:26.927,32,255,255,255,0,1400,57,271.4050
2018-01-04T09:36:26.927,32,255,255,255,0,800,57,271.4175
2018-01-04T09:36:26.928,32,95,255,255,95,1100,1,271.420
2018-01-04T09:36:26.929,32,255,255,255,0,700,57,271.410
2018-01-04T09:36:26.929,32,255,255,255,0,2500,57,271.4175
2018-01-04T09:36:26.931,32,255,255,255,0,700,57,271.415
2018-01-04T09:36:26.934,32,255,255,255,0,700,57,271.4175
2018-01-04T09:36:26.936,32,255,255,255,0,2500,68,271.4150
2018-01-04T09:36:26.936,32,255,255,255,0,1400,57,271.4100
2018-01-04T09:36:26.936,32,255,255,255,0,800,57,271.415
2018-01-04T09:36:26.937,32,255,255,255,0,700,57,271.410
2018-01-04T09:36:26.938,32,255,255,255,0,2300,68,271.415
2018-01-04T09:36:26.94,32,255,255,255,0,700,57,271.420
2018-01-04T09:36:27.009,32,255,255,255,0,700,57,271.4175
2018-01-04T09:36:27.012,32,255,255,255,0,4600,57,271.4075
2018-01-04T09:36:27.017,32,255,255,255,0,1600,57,271.4175
2018-01-04T09:36:27.132,32,255,255,255,0,700,57,271.415
2018-01-04T09:36:27.363,32,255,255,255,0,700,57,271.415
2018-01-04T09:36:28.777,32,255,255,255,0,500,1,271.410
2018-01-04T09:36:28.778,32,255,255,255,0,500,1,271.410
2018-01-04T09:36:28.779,32,255,255,255,0,500,9,271.410
2018-01-04T09:36:30.144,32,95,255,255,95,600,7,271.410
2018-01-04T09:36:32.976,32,95,255,255,95,8700,1,271.420
2018-01-04T09:36:32.998,32,255,255,255,0,1800,57,271.415
2018-01-04T09:36:32.999,32,255,255,255,0,2500,57,271.4175
2018-01-04T09:36:33,32,255,255,255,0,500,57,271.4175
2018-01-04T09:36:33,32,255,255,255,0,700,57,271.4150
2018-01-04T09:36:33.006,32,255,255,255,0,1800,57,271.415
2018-01-04T09:36:33.109,32,255,255,255,0,1500,57,271.4175
2018-01-04T09:36:33.749,32,255,255,255,0,1925,57,271.425
2018-01-04T09:36:33.909,32,255,255,255,0,800,7,271.430
2018-01-04T09:36:34.099,32,255,255,255,0,500,1,271.430
2018-01-04T09:36:34.111,32,255,255,255,0,500,68,271.4300
2018-01-04T09:36:34.205,32,255,255,255,0,500,57,271.4275
2018-01-04T09:36:34.348,32,255,255,255,0,900,68,271.4300
2018-01-04T09:36:34.348,32,255,255,255,0,500,57,271.4275
2018-01-04T09:36:34.457,32,255,255,255,0,500,57,271.4275
2018-01-04T09:36:34.552,32,255,255,255,0,900,68,271.4300
2018-01-04T09:36:34.552,32,255,255,255,0,500,57,271.4275
2018-01-04T09:36:34.566,32,95,255,255,95,1800,1,271.430
2018-01-04T09:36:34.614,32,255,255,255,0,500,57,271.4275
2018-01-04T09:36:34.737,32,255,255,255,0,536,63,271.430
2018-01-04T09:36:34.737,32,255,255,255,0,503,60,271.430
2018-01-04T09:36:34.749,32,255,255,255,0,749,57,271.425
2018-01-04T09:36:35.698,32,95,255,255,95,1482,1,271.430
2018-01-04T09:36:36.008,32,255,255,255,0,800,57,271.425
2018-01-04T09:36:39.411,32,95,255,255,95,1500,7,271.420
2018-01-04T09:36:39.411,32,95,255,255,95,1000,7,271.420
2018-01-04T09:36:39.411,32,95,255,255,95,600,7,271.420
2018-01-04T09:36:39.411,32,95,255,255,95,915,64,271.420
2018-01-04T09:36:39.411,32,95,255,255,95,700,60,271.430
2018-01-04T09:36:39.411,32,95,255,255,95,1000,63,271.420
2018-01-04T09:36:39.411,32,95,255,255,95,1000,11,271.420
2018-01-04T09:36:40.726,32,255,255,255,0,889,7,271.420
2018-01-04T09:36:41.087,32,255,255,255,0,3500,57,271.4175
2018-01-04T09:36:41.087,32,255,255,255,0,2300,68,271.415
2018-01-04T09:36:41.312,32,95,255,255,95,500,7,271.430
2018-01-04T09:36:41.775,32,255,255,255,0,500,63,271.430
2018-01-04T09:36:41.906,32,255,255,255,0,1100,7,271.430
2018-01-04T09:36:42.385,32,255,255,255,0,1000,1,271.440
2018-01-04T09:36:42.385,32,255,255,255,0,500,60,271.440
2018-01-04T09:36:42.385,32,255,255,255,0,2000,1,271.440
2018-01-04T09:36:42.385,32,95,255,255,95,500,7,271.440
2018-01-04T09:36:42.385,32,255,255,255,0,900,1,271.440
2018-01-04T09:36:42.385,32,255,255,255,0,2100,1,271.440
2018-01-04T09:36:42.385,32,255,255,255,0,2000,1,271.440
2018-01-04T09:36:42.385,32,95,255,255,95,700,1,271.440
2018-01-04T09:36:42.386,32,255,255,255,0,1900,57,271.435
2018-01-04T09:36:42.39,32,255,255,255,0,1600,1,271.450
2018-01-04T09:36:42.393,32,255,255,255,0,1900,57,271.435
2018-01-04T09:36:42.394,32,95,255,255,95,500,11,271.450
2018-01-04T09:36:42.417,32,255,255,255,0,1231,57,271.4499
2018-01-04T09:36:42.422,32,255,255,255,0,1400,57,271.445
2018-01-04T09:36:42.437,32,95,255,255,95,667,1,271.450
2018-01-04T09:36:42.437,32,255,255,255,0,500,60,271.450
2018-01-04T09:36:42.439,32,255,255,255,0,1027,1,271.450
2018-01-04T09:36:42.439,32,255,255,255,0,2100,1,271.450
2018-01-04T09:36:42.44,32,255,255,255,0,2500,57,271.445
2018-01-04T09:36:42.445,32,255,255,255,0,2500,57,271.445
2018-01-04T09:36:42.524,32,255,255,255,0,1000,57,271.4589
2018-01-04T09:36:42.524,32,255,255,255,0,3200,57,271.4550
2018-01-04T09:36:42.525,32,255,255,255,0,730,57,271.4550
2018-01-04T09:36:42.532,32,255,255,255,0,4370,57,271.455
2018-01-04T09:36:44.145,32,95,255,255,95,1000,65,271.460
2018-01-04T09:36:44.145,32,95,255,255,95,1000,60,271.460
2018-01-04T09:36:44.145,32,95,255,255,95,1378,1,271.460
2018-01-04T09:36:44.72,32,255,255,255,0,600,57,271.4450
2018-01-04T09:36:44.721,32,255,255,255,0,6000,57,271.4450
2018-01-04T09:36:44.726,32,255,255,255,0,600,57,271.445
2018-01-04T09:36:44.728,32,255,255,255,0,600,57,271.445
2018-01-04T09:36:44.938,32,255,255,255,0,500,57,271.445
2018-01-04T09:36:44.941,32,255,255,255,0,900,57,271.445
2018-01-04T09:36:45.034,32,255,255,255,0,600,57,271.445
2018-01-04T09:36:45.419,32,95,255,255,95,700,1,271.450
2018-01-04T09:36:45.419,32,95,255,255,95,752,1,271.450
2018-01-04T09:36:45.42,32,95,255,255,95,533,1,271.450
2018-01-04T09:36:45.431,32,255,255,255,0,500,57,271.445
2018-01-04T09:36:45.608,32,255,255,255,0,1204,7,271.445
2018-01-04T09:36:45.609,32,255,255,255,0,659,7,271.445
2018-01-04T09:36:45.61,32,255,255,255,0,1261,57,271.445
2018-01-04T09:36:45.61,32,255,255,255,0,2187,57,271.445
2018-01-04T09:36:45.661,32,95,255,255,95,1008,1,271.450
2018-01-04T09:36:46.007,32,95,255,255,95,500,63,271.450
2018-01-04T09:36:46.625,32,255,255,255,0,1111,57,271.440
2018-01-04T09:36:46.636,32,255,255,255,0,1000,57,271.445
2018-01-04T09:36:46.771,32,255,255,255,0,1000,64,271.460
2018-01-04T09:36:46.771,32,95,255,255,95,1000,65,271.460
2018-01-04T09:36:46.771,32,95,255,255,95,1000,65,271.460
2018-01-04T09:36:47.066,32,255,255,255,0,775,7,271.450
2018-01-04T09:36:48.62,32,255,255,255,0,2800,57,271.455
2018-01-04T09:36:49.056,32,95,255,255,95,500,63,271.460
2018-01-04T09:36:49.714,32,255,255,255,0,600,57,271.460
2018-01-04T09:36:53.609,32,255,255,255,0,500,64,271.460
2018-01-04T09:36:53.817,32,255,255,255,0,1800,57,271.455
2018-01-04T09:36:53.845,32,95,255,255,95,500,60,271.460
2018-01-04T09:36:54.044,32,95,255,255,95,1800,1,271.460
2018-01-04T09:36:57.639,32,95,255,255,95,800,60,271.460
2018-01-04T09:36:57.832,32,255,255,255,0,800,57,271.4575
2018-01-04T09:36:57.833,32,255,255,255,0,700,57,271.455
2018-01-04T09:36:57.834,32,255,255,255,0,600,7,271.470
2018-01-04T09:36:57.834,32,255,255,255,0,500,7,271.470
2018-01-04T09:36:57.836,32,255,255,255,0,1200,57,271.465
2018-01-04T09:36:57.837,32,255,255,255,0,700,57,271.465
2018-01-04T09:36:57.838,32,255,255,255,0,800,57,271.4675
2018-01-04T09:36:57.839,32,255,255,255,0,700,57,271.4600
2018-01-04T09:36:57.841,32,255,255,255,0,800,57,271.4550
2018-01-04T09:36:57.844,32,255,255,255,0,1200,57,271.465
2018-01-04T09:36:57.844,32,255,255,255,0,700,57,271.470
2018-01-04T09:36:57.845,32,255,255,255,0,800,57,271.465
2018-01-04T09:36:58.334,32,95,255,255,95,1200,1,271.470
2018-01-04T09:36:58.334,32,95,255,255,95,1200,1,271.470
2018-01-04T09:36:58.335,32,255,255,255,0,800,57,271.4675
2018-01-04T09:36:58.335,32,255,255,255,0,1000,57,271.4650
2018-01-04T09:36:58.336,32,255,255,255,0,700,57,271.4650
2018-01-04T09:36:58.338,32,255,255,255,0,800,57,271.465
2018-01-04T09:36:58.341,32,255,255,255,0,1000,57,271.465
2018-01-04T09:36:58.343,32,255,255,255,0,700,57,271.470
2018-01-04T09:36:58.937,32,95,255,255,95,900,1,271.4700
2018-01-04T09:36:59.086,32,255,255,255,0,600,57,271.465
2018-01-04T09:36:59.358,32,95,255,255,95,2500,1,271.460
2018-01-04T09:36:59.358,32,95,255,255,95,2500,9,271.460
2018-01-04T09:37:00.22,32,255,255,255,0,800,1,271.460
2018-01-04T09:37:00.221,32,255,255,255,0,1100,57,271.455
2018-01-04T09:37:00.226,32,255,255,255,0,1100,57,271.455
2018-01-04T09:37:00.631,32,95,255,255,95,500,1,271.470
2018-01-04T09:37:00.631,32,255,255,255,0,2600,57,271.465
2018-01-04T09:37:00.642,32,255,255,255,0,800,1,271.470
2018-01-04T09:37:00.657,32,255,255,255,0,2000,68,271.465
2018-01-04T09:37:00.676,32,255,255,255,0,500,68,271.465
2018-01-04T09:37:00.676,32,255,255,255,0,2000,68,271.465
2018-01-04T09:37:00.684,32,255,255,255,0,2700,57,271.465
2018-01-04T09:37:00.686,32,255,255,255,0,1200,57,271.465
2018-01-04T09:37:00.689,32,255,255,255,0,1700,68,271.465
2018-01-04T09:37:00.709,32,255,255,255,0,2200,57,271.465
2018-01-04T09:37:00.71,32,255,255,255,0,2700,57,271.465
2018-01-04T09:37:00.718,32,255,255,255,0,800,68,271.465
2018-01-04T09:37:00.718,32,255,255,255,0,1700,68,271.465
2018-01-04T09:37:00.718,32,255,255,255,0,1900,68,271.465
2018-01-04T09:37:00.725,32,255,255,255,0,600,57,271.465
2018-01-04T09:37:00.735,32,255,255,255,0,500,57,271.4675
2018-01-04T09:37:00.776,32,255,255,255,0,2200,57,271.465
2018-01-04T09:37:00.8,32,255,255,255,0,900,57,271.465
2018-01-04T09:37:01.297,32,95,255,255,95,500,60,271.470
2018-01-04T09:37:01.297,32,255,255,255,0,500,7,271.470
2018-01-04T09:37:01.305,32,255,255,255,0,629,57,271.460
2018-01-04T09:37:02.359,32,255,255,255,0,900,7,271.470
2018-01-04T09:37:02.359,32,255,255,255,0,900,63,271.470
2018-01-04T09:37:02.378,32,255,255,255,0,700,60,271.470
2018-01-04T09:37:02.378,32,255,255,255,0,800,65,271.470
2018-01-04T09:37:02.379,32,255,255,255,0,900,57,271.465
2018-01-04T09:37:02.381,32,255,255,255,0,500,68,271.470
2018-01-04T09:37:02.384,32,255,255,255,0,900,57,271.465
2018-01-04T09:37:02.498,32,255,255,255,0,500,57,271.4675
2018-01-04T09:37:02.568,32,95,255,255,95,900,60,271.480
2018-01-04T09:37:02.568,32,95,255,255,95,900,1,271.480
2018-01-04T09:37:02.568,32,95,255,255,95,560,1,271.480
2018-01-04T09:37:02.821,32,255,255,255,0,2000,7,271.480
2018-01-04T09:37:03.192,32,255,255,255,0,500,1,271.480
2018-01-04T09:37:03.192,32,255,255,255,0,900,60,271.480
2018-01-04T09:37:03.497,32,255,255,255,0,3855,7,271.480
2018-01-04T09:37:03.497,32,255,255,255,0,800,7,271.480
2018-01-04T09:37:03.497,32,95,255,255,95,3000,7,271.490
2018-01-04T09:37:03.498,32,95,255,255,95,1000,7,271.490
2018-01-04T09:37:03.498,32,108,255,255,108,800,7,271.490
2018-01-04T09:37:03.498,32,95,255,255,95,1000,65,271.490
2018-01-04T09:37:03.498,32,95,255,255,95,1000,60,271.490
2018-01-04T09:37:03.498,32,95,255,255,95,1000,63,271.490
2018-01-04T09:37:03.498,32,95,255,255,95,1000,64,271.490
2018-01-04T09:37:03.499,32,95,255,255,95,1000,1,271.490
2018-01-04T09:37:03.499,32,95,255,255,95,600,1,271.490
2018-01-04T09:37:03.499,32,255,255,255,0,900,11,271.490
2018-01-04T09:37:03.499,32,255,255,255,0,500,57,271.475
2018-01-04T09:37:03.499,32,95,255,255,95,2000,9,271.490
2018-01-04T09:37:03.516,32,95,255,255,95,10000,17,271.490
2018-01-04T09:37:03.795,32,255,255,255,0,800,57,271.500
2018-01-04T09:37:05.479,32,255,255,255,0,1700,7,271.490
2018-01-04T09:37:05.518,32,95,255,255,95,8113,7,271.490
2018-01-04T09:37:05.682,32,95,255,255,95,500,7,271.490
2018-01-04T09:37:14.724,32,95,255,255,95,1900,7,271.480
2018-01-04T09:37:14.724,32,95,255,255,95,2358,65,271.480
2018-01-04T09:37:16.506,32,255,255,255,0,500,63,271.480
2018-01-04T09:37:18.176,32,95,255,255,95,1000,63,271.470
2018-01-04T09:37:18.177,32,95,255,255,95,500,11,271.470
2018-01-04T09:37:18.178,32,255,255,255,0,3800,57,271.470
2018-01-04T09:37:18.178,32,255,255,255,0,3600,57,271.470
2018-01-04T09:37:18.186,32,255,255,255,0,900,57,271.470
2018-01-04T09:37:18.744,32,255,255,255,0,500,7,271.480
2018-01-04T09:37:18.744,32,255,255,255,0,844,60,271.480
2018-01-04T09:37:18.744,32,255,255,255,0,694,65,271.480
2018-01-04T09:37:18.745,32,255,255,255,0,500,1,271.480
2018-01-04T09:37:18.745,32,255,255,255,0,786,1,271.480
2018-01-04T09:37:19.589,32,95,255,255,95,600,7,271.470
2018-01-04T09:37:19.59,32,95,255,255,95,1000,7,271.470
2018-01-04T09:37:19.59,32,95,255,255,95,577,7,271.470
2018-01-04T09:37:19.59,32,95,255,255,95,2000,9,271.470
2018-01-04T09:37:19.59,32,255,255,255,0,923,7,271.470
2018-01-04T09:37:19.59,32,255,255,255,0,1000,65,271.470
2018-01-04T09:37:19.59,32,95,255,255,95,1000,1,271.470
2018-01-04T09:37:19.59,32,255,255,255,0,500,65,271.470
2018-01-04T09:37:19.59,32,255,255,255,0,1000,60,271.470
2018-01-04T09:37:19.59,32,255,255,255,0,500,60,271.470
2018-01-04T09:37:19.598,32,255,255,255,0,1000,57,271.470
2018-01-04T09:37:20.766,32,255,255,255,0,653,7,271.480
2018-01-04T09:37:21.181,32,255,255,255,0,3000,57,271.470
2018-01-04T09:37:21.602,32,255,255,255,0,500,7,271.470
2018-01-04T09:37:21.602,32,255,255,255,0,600,7,271.470
2018-01-04T09:37:23.716,32,255,255,255,0,800,7,271.480
2018-01-04T09:37:23.716,32,255,255,255,0,700,1,271.480
2018-01-04T09:37:23.716,32,255,255,255,0,596,1,271.480
2018-01-04T09:37:23.853,32,255,255,255,0,1000,1,271.480
2018-01-04T09:37:24.081,32,95,255,255,95,14204,1,271.480
2018-01-04T09:37:24.088,32,255,255,255,0,600,57,271.4800
2018-01-04T09:37:26.388,32,255,255,255,0,1000,65,271.480
2018-01-04T09:37:26.388,32,255,255,255,0,1000,65,271.480
2018-01-04T09:37:26.388,32,255,255,255,0,1964,65,271.480
2018-01-04T09:37:26.512,32,95,255,255,95,3000,7,271.470
2018-01-04T09:37:33.385,32,255,255,255,0,1600,57,271.470
2018-01-04T09:37:39.834,32,255,255,255,0,800,7,271.460
2018-01-04T09:37:42.468,32,255,255,255,0,1000,7,271.450
2018-01-04T09:37:42.522,32,95,255,255,95,3000,7,271.470
2018-01-04T09:37:42.522,32,95,255,255,95,1000,7,271.470
2018-01-04T09:37:44.449,32,95,255,255,95,1000,64,271.450
2018-01-04T09:37:44.449,32,95,255,255,95,1000,1,271.450
2018-01-04T09:37:44.449,32,95,255,255,95,2000,9,271.450
2018-01-04T09:37:44.449,32,95,255,255,95,700,1,271.450
2018-01-04T09:37:44.449,32,95,255,255,95,600,1,271.450
2018-01-04T09:37:45.076,32,255,255,255,0,1500,57,271.4575
2018-01-04T09:37:47.797,32,255,255,255,0,1000,11,271.460
2018-01-04T09:37:47.798,32,255,255,255,0,2100,9,271.450
2018-01-04T09:37:47.979,32,255,255,255,0,2100,9,271.450
2018-01-04T09:37:54.105,32,255,255,255,0,2000,57,271.4529
2018-01-04T09:37:54.582,32,255,255,255,0,1600,9,271.450
2018-01-04T09:37:57.156,32,95,255,255,95,500,60,271.460
2018-01-04T09:37:57.257,32,255,255,255,0,1030,57,271.4599
2018-01-04T09:37:59.151,32,255,255,255,0,500,7,271.460
2018-01-04T09:37:59.151,32,255,255,255,0,1100,65,271.460
2018-01-04T09:37:59.151,32,255,255,255,0,743,1,271.460
2018-01-04T09:37:59.812,32,95,255,255,95,500,1,271.460
2018-01-04T09:38:00.448,32,95,255,255,95,700,1,271.460
2018-01-04T09:38:00.449,32,255,255,255,0,3000,1,271.460
2018-01-04T09:38:02.332,32,255,255,255,0,500,57,271.4599
2018-01-04T09:38:02.87,32,95,255,255,95,500,7,271.450
2018-01-04T09:38:04.501,32,255,255,255,0,1000,7,271.450
2018-01-04T09:38:04.501,32,255,255,255,0,1000,7,271.450
2018-01-04T09:38:04.501,32,255,255,255,0,1100,65,271.450
2018-01-04T09:38:05.299,32,255,255,255,0,1500,59,271.4456
2018-01-04T09:38:05.388,32,95,255,255,95,500,65,271.4500
2018-01-04T09:38:05.604,32,255,255,255,0,1000,7,271.450
2018-01-04T09:38:07.229,32,255,255,255,0,900,7,271.440
2018-01-04T09:38:07.254,32,255,255,255,0,1000,60,271.440
2018-01-04T09:38:08.129,32,95,255,255,95,500,11,271.440
2018-01-04T09:38:10.117,32,255,255,255,0,500,9,271.430
2018-01-04T09:38:10.152,32,255,255,255,0,1000,7,271.430
2018-01-04T09:38:10.153,32,255,255,255,0,1000,60,271.430
2018-01-04T09:38:10.153,32,255,255,255,0,1000,1,271.430
2018-01-04T09:38:10.172,32,255,255,255,0,4000,57,271.4399
2018-01-04T09:38:11.8,32,95,255,255,95,600,7,271.440
2018-01-04T09:38:12.432,32,95,255,255,95,700,60,271.430
2018-01-04T09:38:12.435,32,95,255,255,95,500,65,271.430
2018-01-04T09:38:13.387,32,95,255,255,95,500,7,271.420
2018-01-04T09:38:13.387,32,95,255,255,95,500,60,271.420
2018-01-04T09:38:13.387,32,95,255,255,95,500,7,271.420
2018-01-04T09:38:14.324,32,255,255,255,0,1000,7,271.4100
2018-01-04T09:38:14.324,32,255,255,255,0,995,7,271.410
2018-01-04T09:38:14.324,32,95,255,255,95,500,60,271.410
2018-01-04T09:38:14.324,32,255,255,255,0,675,7,271.410
2018-01-04T09:38:15.343,32,255,255,255,0,500,7,271.420
2018-01-04T09:38:16.528,32,95,255,255,95,500,60,271.430
2018-01-04T09:38:19.854,32,95,255,255,95,3000,7,271.440
2018-01-04T09:38:19.855,32,95,255,255,95,2100,1,271.440
2018-01-04T09:38:23.539,32,95,255,255,95,1000,63,271.450
2018-01-04T09:38:23.539,32,95,255,255,95,921,63,271.450
2018-01-04T09:38:23.539,32,95,255,255,95,1000,64,271.450
2018-01-04T09:38:23.539,32,95,255,255,95,1000,64,271.450
2018-01-04T09:38:23.54,32,95,255,255,95,1000,11,271.450
2018-01-04T09:38:25.205,32,95,255,255,95,500,7,271.460
2018-01-04T09:38:27.43,32,255,255,255,0,700,57,271.459
2018-01-04T09:38:27.431,32,255,255,255,0,700,57,271.4587
2018-01-04T09:38:28.731,32,95,255,255,95,800,7,271.4500
2018-01-04T09:38:28.731,32,95,255,255,95,500,7,271.450
2018-01-04T09:38:29.256,32,255,255,255,0,700,57,271.450
2018-01-04T09:38:29.257,32,255,255,255,0,500,57,271.450
2018-01-04T09:38:29.262,32,255,255,255,0,500,57,271.450
2018-01-04T09:38:29.341,32,255,255,255,0,800,7,271.450
2018-01-04T09:38:29.543,32,95,255,255,95,500,7,271.450
2018-01-04T09:38:29.627,32,95,255,255,95,500,7,271.450
2018-01-04T09:38:30.275,32,255,255,255,0,800,7,271.440
2018-01-04T09:38:30.276,32,255,255,255,0,3100,7,271.440
2018-01-04T09:38:30.276,32,255,255,255,0,700,7,271.440
2018-01-04T09:38:30.276,32,255,255,255,0,800,7,271.440
2018-01-04T09:38:30.276,32,255,255,255,0,1000,7,271.440
2018-01-04T09:38:30.276,32,255,255,255,0,1000,7,271.440
2018-01-04T09:38:30.276,32,255,255,255,0,2300,7,271.440
2018-01-04T09:38:32.342,32,255,255,255,0,508,65,271.440
2018-01-04T09:38:32.542,32,255,255,255,0,1000,7,271.430
2018-01-04T09:38:34.146,32,95,255,255,95,601,7,271.430
2018-01-04T09:38:37.202,32,95,255,255,95,2100,1,271.440
2018-01-04T09:38:37.205,32,95,255,255,95,500,60,271.450
2018-01-04T09:38:37.205,32,95,255,255,95,700,1,271.450
2018-01-04T09:38:37.207,32,108,255,255,108,1000,68,271.450
2018-01-04T09:38:37.208,32,255,255,255,0,500,57,271.450
2018-01-04T09:38:37.277,32,255,255,255,0,900,1,271.450
2018-01-04T09:38:37.288,32,255,255,255,0,500,11,271.450
2018-01-04T09:38:37.429,32,95,255,255,95,1000,7,271.450
2018-01-04T09:38:37.43,32,255,255,255,0,1000,68,271.450
2018-01-04T09:38:37.43,32,95,255,255,95,500,9,271.450
2018-01-04T09:38:37.432,32,255,255,255,0,500,57,271.450
2018-01-04T09:38:38.075,32,95,255,255,95,500,63,271.440
2018-01-04T09:38:38.419,32,95,255,255,95,2314,7,271.450
2018-01-04T09:38:38.435,32,124,255,124,124,5400,57,271.460
2018-01-04T09:38:39.472,32,255,255,255,0,800,7,271.450
2018-01-04T09:38:39.473,32,255,255,255,0,700,1,271.450
2018-01-04T09:38:39.473,32,95,255,255,95,500,7,271.450
2018-01-04T09:38:39.473,32,95,255,255,95,500,7,271.450
2018-01-04T09:38:39.692,32,255,255,255,0,1000,64,271.450
2018-01-04T09:38:39.692,32,255,255,255,0,1000,63,271.450
2018-01-04T09:38:39.693,32,255,255,255,0,1000,68,271.450
2018-01-04T09:38:39.694,32,255,255,255,0,500,57,271.450
2018-01-04T09:38:39.806,32,255,255,255,0,500,57,271.450
2018-01-04T09:38:40.102,32,255,255,255,0,900,60,271.450
2018-01-04T09:38:40.102,32,255,255,255,0,600,1,271.450
2018-01-04T09:38:40.105,32,95,255,255,95,500,9,271.450
2018-01-04T09:38:40.11,32,255,255,255,0,500,57,271.450
2018-01-04T09:38:40.576,32,95,255,255,95,3128,7,271.450
2018-01-04T09:38:41.052,32,95,255,255,95,500,63,271.440
2018-01-04T09:38:41.053,32,95,255,255,95,2200,1,271.440
2018-01-04T09:38:41.053,32,95,255,255,95,1800,1,271.440
2018-01-04T09:38:41.053,32,95,255,255,95,674,7,271.440
2018-01-04T09:38:41.053,32,255,255,255,0,2900,7,271.440
2018-01-04T09:38:41.053,32,255,255,255,0,800,7,271.440
2018-01-04T09:38:41.053,32,255,255,255,0,1000,7,271.440
2018-01-04T09:38:41.053,32,255,255,255,0,1565,7,271.440
2018-01-04T09:38:41.054,32,255,255,255,0,1596,7,271.440
2018-01-04T09:38:42.048,32,255,255,255,0,1000,64,271.420
2018-01-04T09:38:42.048,32,95,255,255,95,1000,60,271.420
2018-01-04T09:38:42.381,32,95,255,255,95,722,60,271.420
2018-01-04T09:38:42.381,32,95,255,255,95,660,1,271.420
2018-01-04T09:38:45.423,32,95,255,255,95,500,1,271.410
2018-01-04T09:38:46.457,32,255,255,255,0,1500,57,271.4067
2018-01-04T09:38:46.606,32,255,255,255,0,4000,57,271.4199
2018-01-04T09:38:46.713,32,255,255,255,0,700,7,271.410
2018-01-04T09:38:46.713,32,255,255,255,0,800,11,271.410
2018-01-04T09:38:46.723,32,255,255,255,0,600,7,271.410
2018-01-04T09:38:47.197,32,255,255,255,0,500,11,271.410
2018-01-04T09:38:47.2,32,255,255,255,0,500,11,271.410
2018-01-04T09:38:47.275,32,255,255,255,0,900,7,271.410
2018-01-04T09:38:47.275,32,255,255,255,0,1000,60,271.410
2018-01-04T09:38:47.275,32,255,255,255,0,900,1,271.410
2018-01-04T09:38:47.276,32,255,255,255,0,500,65,271.410
2018-01-04T09:38:47.276,32,255,255,255,0,500,9,271.410
2018-01-04T09:38:47.514,32,255,255,255,0,500,11,271.410
2018-01-04T09:38:48.133,32,255,255,255,0,500,60,271.400
2018-01-04T09:38:48.133,32,255,255,255,0,1000,60,271.400
2018-01-04T09:38:48.133,32,255,255,255,0,500,7,271.400
2018-01-04T09:38:48.134,32,255,255,255,0,1107,1,271.400
2018-01-04T09:38:48.134,32,255,255,255,0,1000,7,271.400
2018-01-04T09:38:48.134,32,255,255,255,0,500,7,271.400
2018-01-04T09:38:48.134,32,255,255,255,0,1093,1,271.400
2018-01-04T09:38:48.134,32,255,255,255,0,593,1,271.400
2018-01-04T09:38:48.135,32,255,255,255,0,880,65,271.400
2018-01-04T09:38:48.152,32,255,255,255,0,800,57,271.400
2018-01-04T09:38:48.91,32,255,255,255,0,500,59,271.4359
2018-01-04T09:38:49.091,32,95,255,255,95,800,7,271.4300
2018-01-04T09:38:49.091,32,95,255,255,95,500,60,271.430
2018-01-04T09:38:49.134,32,255,255,255,0,632,1,271.430
2018-01-04T09:38:49.91,32,255,255,255,0,551,57,271.430
2018-01-04T09:38:51.427,32,255,255,255,0,530,1,271.430
2018-01-04T09:38:51.491,32,255,255,255,0,600,11,271.430
2018-01-04T09:38:51.896,32,255,255,255,0,800,7,271.420
2018-01-04T09:38:51.896,32,255,255,255,0,1000,7,271.420
2018-01-04T09:38:51.896,32,255,255,255,0,1000,1,271.420
2018-01-04T09:38:52.62,32,95,255,255,95,600,7,271.420
2018-01-04T09:38:52.62,32,95,255,255,95,500,7,271.420
2018-01-04T09:38:53.095,32,255,255,255,0,1000,60,271.430
2018-01-04T09:38:53.103,32,95,255,255,95,700,1,271.430
2018-01-04T09:38:53.457,32,255,255,255,0,1000,60,271.430
2018-01-04T09:38:53.584,32,255,255,255,0,582,57,271.4201
2018-01-04T09:38:53.703,32,255,255,255,0,1000,64,271.4200
2018-01-04T09:38:53.703,32,255,255,255,0,1000,63,271.420
2018-01-04T09:38:53.703,32,255,255,255,0,1000,11,271.420
2018-01-04T09:38:53.703,32,255,255,255,0,1000,60,271.420
2018-01-04T09:38:53.704,32,255,255,255,0,1000,1,271.420
2018-01-04T09:38:53.704,32,255,255,255,0,1000,65,271.420
2018-01-04T09:38:53.706,32,255,255,255,0,1000,63,271.420
2018-01-04T09:38:53.706,32,255,255,255,0,1000,64,271.420
2018-01-04T09:38:53.716,32,255,255,255,0,500,60,271.420
2018-01-04T09:38:53.758,32,255,255,255,0,500,7,271.420
2018-01-04T09:38:54.129,32,95,255,255,95,600,7,271.420
2018-01-04T09:38:54.146,32,95,255,255,95,1600,17,271.420
2018-01-04T09:38:54.914,32,95,255,255,95,892,7,271.420
2018-01-04T09:38:54.914,32,95,255,255,95,751,7,271.420
2018-01-04T09:38:56.915,32,255,255,255,0,1000,57,271.4050
2018-01-04T09:38:58.159,32,95,255,255,95,500,65,271.400
2018-01-04T09:38:58.203,32,255,255,255,0,500,57,271.3901
2018-01-04T09:38:59.242,32,255,255,255,0,500,7,271.390
2018-01-04T09:39:00.022,32,255,255,255,0,1700,1,271.380
2018-01-04T09:39:00.022,32,95,255,255,95,800,7,271.370
2018-01-04T09:39:00.022,32,95,255,255,95,2000,7,271.370
2018-01-04T09:39:00.022,32,95,255,255,95,3000,7,271.370
2018-01-04T09:39:00.022,32,95,255,255,95,500,60,271.370
2018-01-04T09:39:00.022,32,95,255,255,95,600,1,271.370
2018-01-04T09:39:00.022,32,95,255,255,95,500,9,271.370
2018-01-04T09:39:00.027,32,95,255,255,95,2000,17,271.370
2018-01-04T09:39:00.098,32,95,255,255,95,500,11,271.3700
2018-01-04T09:39:00.107,32,255,255,255,0,1000,63,271.370
2018-01-04T09:39:00.168,32,255,255,255,0,500,9,271.380
2018-01-04T09:39:00.412,32,95,255,255,95,500,7,271.390
2018-01-04T09:39:00.423,32,255,255,255,0,2200,9,271.400
2018-01-04T09:39:00.447,32,95,255,255,95,500,60,271.400
2018-01-04T09:39:00.447,32,95,255,255,95,2200,1,271.400
2018-01-04T09:39:00.504,32,95,255,255,95,600,11,271.410
2018-01-04T09:39:02.245,32,255,255,255,0,500,11,271.410
2018-01-04T09:39:02.59,32,255,255,255,0,600,1,271.410
2018-01-04T09:39:03.719,32,95,255,255,95,600,1,271.410
2018-01-04T09:39:05.085,32,95,255,255,95,900,7,271.420
2018-01-04T09:39:05.086,32,95,255,255,95,900,1,271.420
2018-01-04T09:39:05.087,32,95,255,255,95,2000,7,271.430
2018-01-04T09:39:05.088,32,95,255,255,95,700,1,271.430
2018-01-04T09:39:05.088,32,95,255,255,95,700,60,271.430
2018-01-04T09:39:05.089,32,95,255,255,95,1000,60,271.440
2018-01-04T09:39:05.091,32,95,255,255,95,600,7,271.440
2018-01-04T09:39:05.091,32,95,255,255,95,1000,7,271.440
2018-01-04T09:39:05.104,32,95,255,255,95,1000,7,271.450
2018-01-04T09:39:07.873,32,95,255,255,95,2000,17,271.420
2018-01-04T09:39:08.5,32,255,255,255,0,500,63,271.419
2018-01-04T09:39:08.5,32,255,255,255,0,500,7,271.419
2018-01-04T09:39:08.5,32,255,255,255,0,600,7,271.419
2018-01-04T09:39:08.503,32,255,255,255,0,2200,57,271.420
2018-01-04T09:39:08.506,32,255,255,255,0,2200,59,271.4199
2018-01-04T09:39:09.748,32,255,255,255,0,1600,57,271.410
2018-01-04T09:39:10.265,32,255,255,255,0,1000,57,271.4162
2018-01-04T09:39:13.565,32,255,255,255,0,500,57,271.4158
2018-01-04T09:39:22.252,32,95,255,255,95,500,7,271.405
2018-01-04T09:39:22.252,32,95,255,255,95,1000,7,271.410
2018-01-04T09:39:22.253,32,95,255,255,95,700,1,271.410
2018-01-04T09:39:22.431,32,95,255,255,95,600,7,271.420
2018-01-04T09:39:22.431,32,95,255,255,95,500,7,271.420
2018-01-04T09:39:22.432,32,95,255,255,95,500,1,271.420
2018-01-04T09:39:22.444,32,95,255,255,95,803,1,271.430
2018-01-04T09:39:23.043,32,255,255,255,0,1003,1,271.430
2018-01-04T09:39:23.043,32,255,255,255,0,3194,1,271.430
2018-01-04T09:39:23.093,32,95,255,255,95,500,7,271.440
2018-01-04T09:39:23.093,32,95,255,255,95,1500,7,271.440
2018-01-04T09:39:23.094,32,95,255,255,95,1300,9,271.440
2018-01-04T09:39:23.094,32,95,255,255,95,2000,11,271.450
2018-01-04T09:39:23.094,32,95,255,255,95,1300,1,271.440
2018-01-04T09:39:23.094,32,95,255,255,95,1800,1,271.450
2018-01-04T09:39:23.098,32,108,255,255,108,500,64,271.450
2018-01-04T09:39:23.112,32,95,255,255,95,1752,7,271.460
2018-01-04T09:39:23.112,32,95,255,255,95,1381,7,271.460
2018-01-04T09:39:23.113,32,95,255,255,95,664,7,271.460
2018-01-04T09:39:23.113,32,95,255,255,95,500,7,271.460
2018-01-04T09:39:23.358,32,255,255,255,0,800,65,271.460
2018-01-04T09:39:23.358,32,255,255,255,0,1037,65,271.460
2018-01-04T09:39:25.575,32,255,255,255,0,500,57,271.465
2018-01-04T09:39:25.898,32,95,255,255,95,500,60,271.460
2018-01-04T09:39:26.211,32,255,255,255,0,1000,57,271.4642
2018-01-04T09:39:26.758,32,255,255,255,0,500,57,271.4533
2018-01-04T09:39:29.136,32,255,255,255,0,700,57,271.4599
2018-01-04T09:39:29.596,32,95,255,255,95,600,1,271.450
2018-01-04T09:39:30.212,32,95,255,255,95,2934,17,271.450
2018-01-04T09:39:34.08,32,95,255,255,95,500,7,271.440
2018-01-04T09:39:36.654,32,95,255,255,95,500,7,271.460
2018-01-04T09:39:36.654,32,95,255,255,95,500,65,271.460
2018-01-04T09:39:36.698,32,95,255,255,95,500,7,271.450
2018-01-04T09:39:37.018,32,255,255,255,0,500,1,271.450
2018-01-04T09:39:37.284,32,95,255,255,95,500,7,271.450
2018-01-04T09:39:37.897,32,95,255,255,95,500,7,271.450
2018-01-04T09:39:38.219,32,255,255,255,0,900,7,271.470
2018-01-04T09:39:39.556,32,95,255,255,95,700,7,271.460
2018-01-04T09:39:39.563,32,255,255,255,0,1200,57,271.460
2018-01-04T09:39:40.932,32,255,255,255,0,1672,57,271.455
2018-01-04T09:39:40.932,32,255,255,255,0,1776,57,271.455
2018-01-04T09:39:41.455,32,255,255,255,0,1000,57,271.450
2018-01-04T09:39:42.289,32,95,255,255,95,500,60,271.450
2018-01-04T09:39:42.682,32,255,255,255,0,500,60,271.450
2018-01-04T09:39:42.682,32,255,255,255,0,500,60,271.450
2018-01-04T09:39:42.682,32,255,255,255,0,500,60,271.450
2018-01-04T09:39:42.682,32,255,255,255,0,1400,1,271.450
2018-01-04T09:39:42.683,32,255,255,255,0,500,68,271.450
2018-01-04T09:39:42.854,32,255,255,255,0,7300,7,271.450
2018-01-04T09:39:42.854,32,255,255,255,0,1500,7,271.450
2018-01-04T09:39:42.918,32,255,255,255,0,800,7,271.450
2018-01-04T09:39:43.409,32,255,255,255,0,800,7,271.450
2018-01-04T09:39:43.451,32,255,255,255,0,900,1,271.450
2018-01-04T09:39:44.59,32,95,255,255,95,500,7,271.460
2018-01-04T09:39:44.59,32,95,255,255,95,1880,1,271.460
2018-01-04T09:39:46.217,32,95,255,255,95,500,63,271.450
2018-01-04T09:39:46.217,32,95,255,255,95,500,11,271.450
2018-01-04T09:39:46.217,32,95,255,255,95,500,64,271.450
2018-01-04T09:39:46.217,32,95,255,255,95,500,1,271.450
2018-01-04T09:39:46.218,32,95,255,255,95,500,1,271.450
2018-01-04T09:39:46.218,32,95,255,255,95,1000,1,271.450
2018-01-04T09:39:46.309,32,95,255,255,95,500,7,271.460
2018-01-04T09:39:46.309,32,95,255,255,95,789,60,271.460
2018-01-04T09:39:46.31,32,95,255,255,95,700,65,271.460
2018-01-04T09:39:46.31,32,95,255,255,95,5000,1,271.460
2018-01-04T09:39:46.31,32,95,255,255,95,2420,1,271.460
2018-01-04T09:39:46.31,32,95,255,255,95,700,7,271.470
2018-01-04T09:39:46.31,32,95,255,255,95,700,60,271.470
2018-01-04T09:39:46.31,32,95,255,255,95,1000,1,271.470
2018-01-04T09:39:46.31,32,95,255,255,95,500,7,271.470
2018-01-04T09:39:46.31,32,95,255,255,95,600,1,271.470
2018-01-04T09:39:46.31,32,255,255,255,0,600,65,271.470
2018-01-04T09:39:46.31,32,255,255,255,0,500,65,271.470
2018-01-04T09:39:46.314,32,95,255,255,95,800,65,271.480
2018-01-04T09:39:46.314,32,95,255,255,95,500,65,271.480
2018-01-04T09:39:51.038,32,95,255,255,95,2324,7,271.490
2018-01-04T09:39:51.038,32,95,255,255,95,2276,7,271.490
2018-01-04T09:39:51.039,32,95,255,255,95,1600,1,271.490
2018-01-04T09:39:51.039,32,255,255,255,0,600,63,271.490
2018-01-04T09:39:51.039,32,95,255,255,95,3200,1,271.490
2018-01-04T09:39:51.039,32,95,255,255,95,1000,7,271.490
2018-01-04T09:39:51.039,32,95,255,255,95,1982,65,271.490
2018-01-04T09:39:51.039,32,95,255,255,95,1000,60,271.490
2018-01-04T09:39:51.039,32,95,255,255,95,3720,1,271.490
2018-01-04T09:39:51.039,32,95,255,255,95,1000,65,271.490
2018-01-04T09:39:51.039,32,95,255,255,95,1000,1,271.490
2018-01-04T09:39:51.04,32,95,255,255,95,500,1,271.490
2018-01-04T09:39:51.045,32,255,255,255,0,559,57,271.490
2018-01-04T09:39:51.046,32,95,255,255,95,500,63,271.490
2018-01-04T09:39:51.047,32,95,255,255,95,500,63,271.480
2018-01-04T09:39:51.047,32,95,255,255,95,500,7,271.500
2018-01-04T09:39:51.048,32,95,255,255,95,500,64,271.490
2018-01-04T09:39:51.099,32,95,255,255,95,500,63,271.490
2018-01-04T09:39:51.1,32,95,255,255,95,700,64,271.490
2018-01-04T09:39:51.106,32,255,255,255,0,1003,7,271.500
2018-01-04T09:39:51.112,32,95,255,255,95,2500,7,271.500
2018-01-04T09:39:51.112,32,255,255,255,0,600,7,271.500
2018-01-04T09:39:51.112,32,255,255,255,0,600,7,271.500
2018-01-04T09:39:51.112,32,255,255,255,0,600,7,271.500
2018-01-04T09:39:51.112,32,255,255,255,0,600,7,271.500
2018-01-04T09:39:51.112,32,255,255,255,0,2600,7,271.500
2018-01-04T09:39:51.112,32,95,255,255,95,769,7,271.500
2018-01-04T09:39:51.112,32,255,255,255,0,5100,7,271.500
2018-01-04T09:39:51.112,32,255,255,255,0,1300,7,271.500
2018-01-04T09:39:51.112,32,95,255,255,95,8172,7,271.500
2018-01-04T09:39:51.112,32,95,255,255,95,3393,7,271.500
2018-01-04T09:39:51.112,32,255,255,255,0,1359,7,271.500
2018-01-04T09:39:51.112,32,255,255,255,0,800,7,271.500
2018-01-04T09:39:51.112,32,255,255,255,0,3600,7,271.500
2018-01-04T09:39:51.112,32,255,255,255,0,4600,7,271.500
2018-01-04T09:39:51.113,32,255,255,255,0,800,7,271.500
2018-01-04T09:39:51.113,32,255,255,255,0,900,68,271.500
2018-01-04T09:39:51.113,32,255,255,255,0,1300,7,271.500
2018-01-04T09:39:51.113,32,95,255,255,95,11765,7,271.500
2018-01-04T09:39:51.113,32,255,255,255,0,3200,68,271.500
2018-01-04T09:39:51.113,32,255,255,255,0,3200,57,271.500
2018-01-04T09:39:51.114,32,95,255,255,95,6177,7,271.500
2018-01-04T09:39:51.115,32,95,255,255,95,25890,7,271.500
2018-01-04T09:39:51.115,32,95,255,255,95,9916,7,271.500
2018-01-04T09:39:51.116,32,95,255,255,95,600,7,271.510
2018-01-04T09:39:51.116,32,255,255,255,0,500,68,271.500
2018-01-04T09:39:51.116,32,255,255,255,0,1000,68,271.500
2018-01-04T09:39:51.12,32,255,255,255,0,1000,57,271.500
2018-01-04T09:39:51.12,32,255,255,255,0,752,1,271.510
2018-01-04T09:39:51.129,32,255,255,255,0,2000,57,271.500
2018-01-04T09:39:51.13,32,255,255,255,0,750,57,271.500
2018-01-04T09:39:51.133,32,255,255,255,0,9900,57,271.510
2018-01-04T09:39:51.178,32,255,255,255,0,3200,57,271.500
2018-01-04T09:39:52.806,32,95,255,255,95,861,63,271.500
2018-01-04T09:39:52.806,32,95,255,255,95,600,64,271.500
2018-01-04T09:39:53.35,32,95,255,255,95,553,65,271.500
2018-01-04T09:39:54.457,32,255,255,255,0,500,7,271.500
2018-01-04T09:39:55.626,32,255,255,255,0,700,68,271.500
2018-01-04T09:39:57.746,32,255,255,255,0,1000,57,271.5062
2018-01-04T09:39:58.618,32,255,255,255,0,500,57,271.510
2018-01-04T09:40:00.074,32,255,255,255,0,10500,57,271.510
2018-01-04T09:40:00.673,32,95,255,255,95,2500,7,271.495
2018-01-04T09:40:00.673,32,95,255,255,95,1800,7,271.490
2018-01-04T09:40:00.673,32,95,255,255,95,1200,7,271.490
2018-01-04T09:40:00.673,32,95,255,255,95,1500,7,271.490
2018-01-04T09:40:00.673,32,95,255,255,95,500,1,271.490
2018-01-04T09:40:01.27,32,95,255,255,95,600,1,271.4800
2018-01-04T09:40:02.615,32,255,255,255,0,600,1,271.500
2018-01-04T09:40:02.622,32,95,255,255,95,600,7,271.490
2018-01-04T09:40:02.622,32,95,255,255,95,600,7,271.490
2018-01-04T09:40:02.622,32,95,255,255,95,500,60,271.490
2018-01-04T09:40:03.23,32,95,255,255,95,600,1,271.490
2018-01-04T09:40:03.235,32,255,255,255,0,600,1,271.500
2018-01-04T09:40:05.394,32,255,255,255,0,3000,57,271.4800
2018-01-04T09:40:05.489,32,255,255,255,0,500,1,271.480
2018-01-04T09:40:07.318,32,95,255,255,95,1800,7,271.470
2018-01-04T09:40:07.318,32,95,255,255,95,2000,7,271.470
2018-01-04T09:40:07.318,32,95,255,255,95,1000,7,271.470
2018-01-04T09:40:07.319,32,95,255,255,95,600,1,271.470
2018-01-04T09:40:07.319,32,95,255,255,95,1000,11,271.470
2018-01-04T09:40:07.319,32,95,255,255,95,1073,1,271.470
2018-01-04T09:40:07.321,32,255,255,255,0,500,7,271.480
2018-01-04T09:40:09.965,32,255,255,255,0,600,65,271.480
2018-01-04T09:40:09.965,32,255,255,255,0,1400,65,271.480
2018-01-04T09:40:09.965,32,255,255,255,0,600,65,271.480
2018-01-04T09:40:10.302,32,95,255,255,95,3000,63,271.4700
2018-01-04T09:40:10.321,32,255,255,255,0,500,7,271.470
2018-01-04T09:40:10.321,32,255,255,255,0,4500,7,271.470
2018-01-04T09:40:10.425,32,255,255,255,0,500,7,271.470
2018-01-04T09:40:10.425,32,255,255,255,0,502,7,271.470
2018-01-04T09:40:10.425,32,255,255,255,0,3997,7,271.470
2018-01-04T09:40:11.706,32,255,255,255,0,2200,57,271.4695
2018-01-04T09:40:12.145,32,255,255,255,0,600,1,271.480
2018-01-04T09:40:12.235,32,255,255,255,0,1942,63,271.470
2018-01-04T09:40:12.235,32,95,255,255,95,1058,63,271.470
2018-01-04T09:40:14.27,32,95,255,255,95,1900,65,271.470
2018-01-04T09:40:14.27,32,95,255,255,95,1000,60,271.470
2018-01-04T09:40:15.86,32,255,255,255,0,4597,1,271.480
2018-01-04T09:40:15.945,32,255,255,255,0,1000,57,271.4848
2018-01-04T09:40:17.658,32,95,255,255,95,2700,7,271.490
2018-01-04T09:40:17.663,32,255,255,255,0,900,68,271.480
2018-01-04T09:40:17.664,32,95,255,255,95,1000,7,271.480
2018-01-04T09:40:17.664,32,95,255,255,95,1000,64,271.480
2018-01-04T09:40:17.664,32,95,255,255,95,600,1,271.480
2018-01-04T09:40:17.709,32,255,255,255,0,500,65,271.490
2018-01-04T09:40:17.712,32,255,255,255,0,500,60,271.490
2018-01-04T09:40:17.712,32,255,255,255,0,500,9,271.490
2018-01-04T09:40:17.849,32,255,255,255,0,903,1,271.510
2018-01-04T09:40:18.956,32,95,255,255,95,2800,63,271.500
2018-01-04T09:40:19.096,32,255,255,255,0,1800,57,271.4803
2018-01-04T09:40:19.101,32,255,255,255,0,3200,57,271.4820
2018-01-04T09:40:20.903,32,255,255,255,0,600,63,271.500
2018-01-04T09:40:22.85,32,95,255,255,95,2500,7,271.490
2018-01-04T09:40:23.856,32,95,255,255,95,600,7,271.480
2018-01-04T09:40:23.856,32,95,255,255,95,3000,65,271.480
2018-01-04T09:40:24.159,32,95,255,255,95,2795,7,271.460
2018-01-04T09:40:24.159,32,95,255,255,95,505,7,271.460
2018-01-04T09:40:25.455,32,95,255,255,95,500,64,271.460
2018-01-04T09:40:25.455,32,95,255,255,95,500,63,271.460
2018-01-04T09:40:25.455,32,95,255,255,95,500,65,271.460
2018-01-04T09:40:25.455,32,95,255,255,95,1000,7,271.460
2018-01-04T09:40:25.455,32,95,255,255,95,1000,65,271.460
2018-01-04T09:40:25.455,32,95,255,255,95,500,1,271.460
2018-01-04T09:40:25.455,32,95,255,255,95,800,9,271.460
2018-01-04T09:40:25.455,32,95,255,255,95,700,60,271.460
2018-01-04T09:40:25.456,32,95,255,255,95,500,60,271.470
2018-01-04T09:40:25.456,32,95,255,255,95,500,1,271.470
2018-01-04T09:40:25.456,32,95,255,255,95,1800,1,271.470
2018-01-04T09:40:25.461,32,255,255,255,0,1003,60,271.480
2018-01-04T09:40:26.198,32,255,255,255,0,900,7,271.480
2018-01-04T09:40:30.512,32,95,255,255,95,500,60,271.470
2018-01-04T09:40:30.615,32,95,255,255,95,600,7,271.480
2018-01-04T09:40:30.615,32,95,255,255,95,1927,7,271.480
2018-01-04T09:40:30.615,32,255,255,255,0,1000,7,271.480
2018-01-04T09:40:30.615,32,95,255,255,95,873,7,271.480
2018-01-04T09:40:30.615,32,95,255,255,95,1400,60,271.480
2018-01-04T09:40:30.615,32,95,255,255,95,1200,60,271.480
2018-01-04T09:40:30.615,32,95,255,255,95,600,63,271.480
2018-01-04T09:40:30.615,32,95,255,255,95,500,64,271.480
2018-01-04T09:40:30.615,32,95,255,255,95,500,11,271.480
2018-01-04T09:40:30.615,32,95,255,255,95,2100,1,271.480
2018-01-04T09:40:30.615,32,95,255,255,95,2800,1,271.480
2018-01-04T09:40:30.615,32,255,255,255,0,1900,1,271.480
2018-01-04T09:40:30.616,32,95,255,255,95,4900,1,271.480
2018-01-04T09:40:30.616,32,255,255,255,0,500,65,271.480
2018-01-04T09:40:30.618,32,95,255,255,95,500,7,271.490
