timestamp,ext_condition1,ext_condition2,ext_condition3,ext_condition4,condition,size,exchange,price
2018-01-05T09:30:00.532,32,62,255,45,62,9234,1,125.850
2018-01-05T09:30:00.532,32,255,255,66,66,9234,1,125.850
2018-01-05T09:30:07.36,32,255,255,255,0,811,57,125.8630
2018-01-05T09:30:14.902,32,255,255,255,0,500,64,125.870
2018-01-05T09:30:21.343,32,95,255,255,95,700,60,125.870
2018-01-05T09:30:59.102,32,255,255,255,0,694,1,125.860
2018-01-05T09:30:59.102,32,255,255,255,0,661,1,125.860
2018-01-05T09:30:59.102,32,255,255,255,0,1200,1,125.860
2018-01-05T09:31:01.082,32,255,255,255,0,923,57,125.8399
2018-01-05T09:31:05.177,32,255,255,255,0,696,1,125.840
2018-01-05T09:31:05.177,32,255,255,255,0,692,65,125.840
2018-01-05T09:32:22.088,32,255,255,255,0,700,57,125.8567
2018-01-05T09:32:51.421,32,255,255,255,0,634,1,125.830
2018-01-05T09:32:51.421,32,255,255,255,0,900,60,125.830
2018-01-05T09:32:51.421,32,255,255,255,0,667,60,125.830
2018-01-05T09:34:14.383,32,255,255,255,0,665,1,125.850
2018-01-05T09:34:50.703,32,95,255,255,95,5500,1,125.870
2018-01-05T09:34:50.703,32,95,255,255,95,1000,1,125.870
2018-01-05T09:34:50.704,32,95,255,255,95,4700,65,125.870
2018-01-05T09:34:50.704,32,95,255,255,95,1000,65,125.870
2018-01-05T09:34:50.704,32,95,255,255,95,4500,7,125.870
2018-01-05T09:34:50.704,32,95,255,255,95,1000,7,125.870
2018-01-05T09:34:50.704,32,255,255,255,0,2028,60,125.870
2018-01-05T09:34:50.704,32,95,255,255,95,2489,60,125.870
2018-01-05T09:34:50.704,32,95,255,255,95,1000,60,125.870
2018-01-05T09:34:50.709,32,255,255,255,0,800,60,125.850
2018-01-05T09:34:50.718,32,95,255,255,95,900,7,125.850
2018-01-05T09:35:54.585,32,255,255,255,0,1000,59,125.8700
2018-01-05T09:36:12.465,32,255,255,255,0,800,57,125.840
2018-01-05T09:36:18.906,32,255,255,255,0,900,57,125.840
2018-01-05T09:36:36.392,32,255,255,255,0,600,57,125.870
2018-01-05T09:37:27.504,32,255,255,255,0,900,57,125.870
2018-01-05T09:37:27.567,32,255,255,255,0,700,57,125.880
2018-01-05T09:37:27.569,32,255,255,255,0,700,57,125.8799
2018-01-05T09:37:27.57,32,255,255,255,0,700,57,125.8790
2018-01-05T09:37:45.653,32,255,255,255,0,900,1,125.880
2018-01-05T09:37:45.653,32,255,255,255,0,600,65,125.880
2018-01-05T09:37:47.405,32,95,255,255,95,600,1,125.890
2018-01-05T09:39:21.114,32,255,255,255,0,500,1,125.910
2018-01-05T09:39:21.119,32,255,255,255,0,700,7,125.920
2018-01-05T09:39:21.119,32,255,255,255,0,700,7,125.920
2018-01-05T09:39:30.783,32,255,255,255,0,1600,57,125.890
2018-01-05T09:40:51.349,32,255,255,255,0,557,1,125.910
2018-01-05T09:40:51.349,32,255,255,255,0,1001,1,125.910
2018-01-05T09:40:51.349,32,255,255,255,0,598,1,125.910
2018-01-05T09:40:51.349,32,255,255,255,0,629,1,125.910
2018-01-05T09:40:51.349,32,255,255,255,0,799,60,125.910
2018-01-05T09:40:51.349,32,255,255,255,0,1226,60,125.910
2018-01-05T09:43:37.487,32,255,255,255,0,1500,57,125.920
2018-01-05T09:43:47.763,32,255,255,255,0,700,1,125.900
2018-01-05T09:43:47.763,32,255,255,255,0,800,60,125.900
2018-01-05T09:48:20.244,32,255,255,255,0,25000,57,125.890
2018-01-05T09:48:20.258,32,95,255,255,95,700,1,125.900
2018-01-05T09:48:20.258,32,95,255,255,95,700,65,125.900
2018-01-05T09:48:20.258,32,95,255,255,95,700,60,125.900
2018-01-05T09:48:21,32,255,255,255,0,2213,1,125.900
2018-01-05T09:48:21.002,32,95,255,255,95,700,60,125.900
2018-01-05T09:48:21.002,32,95,255,255,95,700,60,125.900
2018-01-05T09:48:21.002,32,95,255,255,95,1000,60,125.900
2018-01-05T09:48:21.002,32,95,255,255,95,700,7,125.900
2018-01-05T09:48:21.003,32,95,255,255,95,700,1,125.900
2018-01-05T09:48:21.003,32,95,255,255,95,700,1,125.900
2018-01-05T09:48:30.114,32,255,255,255,0,500,57,125.910
2018-01-05T09:48:35.039,32,95,255,255,95,500,1,125.9000
2018-01-05T09:48:35.039,32,255,255,255,0,1900,1,125.9000
2018-01-05T09:48:35.039,32,255,255,255,0,1900,1,125.900
2018-01-05T09:48:35.039,32,255,255,255,0,906,1,125.900
2018-01-05T09:48:35.039,32,255,255,255,0,601,1,125.900
2018-01-05T09:48:35.04,32,255,255,255,0,600,1,125.900
2018-01-05T09:48:41.027,32,255,255,255,0,800,11,125.900
2018-01-05T09:48:47.527,32,95,255,255,95,500,11,125.920
2018-01-05T09:48:47.528,32,255,255,255,0,588,63,125.920
2018-01-05T09:48:47.528,32,255,255,255,0,700,65,125.920
2018-01-05T09:48:47.528,32,255,255,255,0,600,7,125.920
2018-01-05T09:48:47.528,32,255,255,255,0,662,7,125.920
2018-01-05T09:48:47.528,32,255,255,255,0,662,65,125.920
2018-01-05T09:48:47.528,32,255,255,255,0,882,7,125.920
2018-01-05T09:48:57.308,32,255,255,255,0,800,11,125.930
2018-01-05T09:48:57.465,32,95,255,255,95,660,63,125.920
2018-01-05T09:49:17.042,32,95,255,255,95,553,11,125.900
2018-01-05T09:50:01.056,32,255,255,255,0,500,57,125.920
2018-01-05T09:50:01.057,32,255,255,255,0,500,57,125.920
2018-01-05T09:50:01.057,32,255,255,255,0,500,57,125.920
2018-01-05T09:50:01.062,32,255,255,255,0,500,57,125.920
2018-01-05T09:51:36.259,32,255,255,255,0,1100,57,125.920
2018-01-05T09:52:13.098,32,255,255,255,0,700,64,125.930
2018-01-05T09:53:14.683,32,255,255,255,0,700,1,125.970
2018-01-05T09:53:14.683,32,255,255,255,0,700,60,125.970
2018-01-05T09:54:03.04,32,255,255,255,0,700,1,125.970
2018-01-05T09:55:28.771,32,255,255,255,0,800,60,125.940
2018-01-05T09:55:28.847,32,255,255,255,0,723,60,125.930
2018-01-05T09:55:50.572,32,255,255,255,0,900,9,125.920
2018-01-05T09:55:59.158,32,95,255,255,95,700,7,125.920
2018-01-05T09:57:08.716,32,95,255,255,95,1000,60,125.930
2018-01-05T09:57:48.054,32,255,255,255,0,699,1,125.930
2018-01-05T09:57:48.054,32,255,255,255,0,1412,1,125.930
2018-01-05T09:58:15.43,32,255,255,255,0,2590,1,125.930
2018-01-05T09:58:51.869,32,255,255,255,0,2800,1,125.920
2018-01-05T09:59:04.765,32,95,255,255,95,700,7,125.920
2018-01-05T09:59:11.259,32,95,255,255,95,1189,1,125.920
2018-01-05T09:59:11.27,32,255,255,255,0,1238,1,125.920
2018-01-05T09:59:33.347,32,255,255,255,0,2000,11,125.930
2018-01-05T09:59:33.348,32,255,255,255,0,1100,68,125.930
2018-01-05T09:59:33.348,32,255,255,255,0,1000,68,125.930
2018-01-05T09:59:33.352,32,255,255,255,0,1000,57,125.930
2018-01-05T09:59:33.353,32,255,255,255,0,1000,57,125.930
2018-01-05T09:59:48.687,32,255,255,255,0,3000,1,125.920
2018-01-05T09:59:48.687,32,255,255,255,0,500,60,125.920
2018-01-05T09:59:57.233,32,95,255,255,95,617,11,125.9200
2018-01-05T10:00:00,32,255,255,255,0,1000,60,125.950
2018-01-05T10:00:00,32,255,255,255,0,1000,65,125.950
2018-01-05T10:00:00,32,255,255,255,0,700,11,125.950
2018-01-05T10:00:00.002,32,255,255,255,0,1100,57,125.950
2018-01-05T10:00:00.002,32,95,255,255,95,2000,7,125.980
2018-01-05T10:00:00.014,32,255,255,255,0,1237,1,125.990
2018-01-05T10:00:04.976,32,255,255,255,0,500,57,125.910
2018-01-05T10:00:29.252,32,95,255,255,95,800,11,125.930
2018-01-05T10:00:35.193,32,255,255,255,0,1800,68,125.930
2018-01-05T10:00:44.558,32,255,255,255,0,1312,64,125.895
2018-01-05T10:00:44.559,32,255,255,255,0,658,64,125.895
2018-01-05T10:00:46.663,32,95,255,255,95,700,1,125.910
2018-01-05T10:00:57.586,32,255,255,255,0,700,57,125.881
2018-01-05T10:00:57.614,32,95,255,255,95,500,11,125.870
2018-01-05T10:00:57.614,32,95,255,255,95,500,63,125.870
2018-01-05T10:01:23.081,32,255,255,255,0,500,65,125.890
2018-01-05T10:01:28.096,32,255,255,255,0,600,60,125.900
2018-01-05T10:01:28.1,32,255,255,255,0,611,60,125.900
2018-01-05T10:02:57.901,32,255,255,255,0,819,57,125.9187
2018-01-05T10:03:25.622,32,255,255,255,0,800,1,125.920
2018-01-05T10:03:25.622,32,255,255,255,0,1000,60,125.920
2018-01-05T10:03:25.623,32,255,255,255,0,1000,57,125.920
2018-01-05T10:03:28.974,32,255,255,255,0,1000,57,125.920
2018-01-05T10:03:30.016,32,255,255,255,0,1200,1,125.920
2018-01-05T10:03:30.016,32,255,255,255,0,1000,57,125.920
2018-01-05T10:03:46.018,32,95,255,255,95,800,11,125.910
2018-01-05T10:03:51.103,32,255,255,255,0,581,57,125.905
2018-01-05T10:06:37.288,32,255,255,255,0,500,1,125.9500
2018-01-05T10:07:01.498,32,255,255,255,0,579,60,125.955
2018-01-05T10:07:01.499,32,255,255,255,0,1212,64,125.955
2018-01-05T10:07:01.812,32,255,255,255,0,923,68,125.980
2018-01-05T10:07:06.161,32,95,255,255,95,500,11,125.980
2018-01-05T10:08:15.314,32,95,255,255,95,500,65,126.000
2018-01-05T10:08:15.409,32,255,255,255,0,3600,57,126.000
2018-01-05T10:08:15.702,32,255,255,255,0,2300,57,126.000
2018-01-05T10:08:16.102,32,255,255,255,0,1400,57,126.000
2018-01-05T10:08:39.517,32,255,255,255,0,500,63,126.0100
2018-01-05T10:09:08.376,32,255,255,255,0,500,57,126.010
2018-01-05T10:10:38.685,32,255,255,255,0,1300,11,126.070
2018-01-05T10:10:38.685,32,255,255,255,0,2600,63,126.070
2018-01-05T10:10:38.769,32,95,255,255,95,595,7,126.070
2018-01-05T10:10:38.893,32,95,255,255,95,733,1,126.060
2018-01-05T10:11:01.785,32,95,255,255,95,700,1,126.070
2018-01-05T10:11:01.785,32,95,255,255,95,700,60,126.070
2018-01-05T10:11:01.785,32,95,255,255,95,700,65,126.070
2018-01-05T10:11:01.786,32,95,255,255,95,700,7,126.070
2018-01-05T10:11:01.786,32,95,255,255,95,2300,7,126.070
2018-01-05T10:11:01.788,32,255,255,255,0,700,57,126.080
2018-01-05T10:11:01.789,32,255,255,255,0,617,57,126.080
2018-01-05T10:11:01.793,32,255,255,255,0,700,57,126.080
2018-01-05T10:11:01.806,32,255,255,255,0,700,57,126.080
2018-01-05T10:11:01.808,32,255,255,255,0,10000,57,126.080
2018-01-05T10:11:01.832,32,255,255,255,0,600,7,126.070
2018-01-05T10:11:01.916,32,255,255,255,0,700,57,126.080
2018-01-05T10:11:05.618,32,255,255,255,0,700,63,126.080
2018-01-05T10:11:05.618,32,255,255,255,0,700,64,126.080
2018-01-05T10:11:11.363,32,255,255,255,0,700,1,126.080
2018-01-05T10:11:24.542,32,95,255,255,95,500,64,126.090
2018-01-05T10:11:24.546,32,255,255,255,0,2000,68,126.085
2018-01-05T10:11:24.546,32,255,255,255,0,900,68,126.085
2018-01-05T10:11:24.546,32,255,255,255,0,1700,7,126.085
2018-01-05T10:11:24.548,32,255,255,255,0,1600,57,126.085
2018-01-05T10:11:24.55,32,255,255,255,0,3000,57,126.085
2018-01-05T10:11:24.552,32,255,255,255,0,700,57,126.085
2018-01-05T10:11:24.553,32,255,255,255,0,600,7,126.085
2018-01-05T10:11:24.555,32,255,255,255,0,500,60,126.085
2018-01-05T10:11:24.66,32,255,255,255,0,600,57,126.085
2018-01-05T10:11:27.601,32,255,255,255,0,500,68,126.085
2018-01-05T10:11:27.601,32,255,255,255,0,7000,68,126.080
2018-01-05T10:11:27.606,32,255,255,255,0,771,57,126.085
2018-01-05T10:11:27.724,32,255,255,255,0,2900,57,126.0880
2018-01-05T10:11:29.502,32,95,255,255,95,500,64,126.090
2018-01-05T10:11:29.513,32,255,255,255,0,900,7,126.085
2018-01-05T10:11:29.616,32,95,255,255,95,600,1,126.080
2018-01-05T10:11:29.616,32,95,255,255,95,2700,1,126.080
2018-01-05T10:11:29.616,32,95,255,255,95,3900,1,126.090
2018-01-05T10:11:29.617,32,95,255,255,95,2300,60,126.075
2018-01-05T10:11:29.617,32,95,255,255,95,2200,60,126.080
2018-01-05T10:11:29.617,32,95,255,255,95,634,60,126.090
2018-01-05T10:11:29.617,32,95,255,255,95,1205,64,126.080
2018-01-05T10:11:29.617,32,255,255,255,0,864,65,126.075
2018-01-05T10:11:29.617,32,95,255,255,95,1845,65,126.080
2018-01-05T10:11:29.617,32,255,255,255,0,907,7,126.075
2018-01-05T10:11:30.831,32,255,255,255,0,600,11,126.090
2018-01-05T10:11:38.487,32,95,255,255,95,1000,1,126.090
2018-01-05T10:11:38.487,32,255,255,255,0,1050,1,126.090
2018-01-05T10:11:38.487,32,95,255,255,95,600,7,126.090
2018-01-05T10:11:38.487,32,95,255,255,95,1000,7,126.090
2018-01-05T10:11:48.343,32,255,255,255,0,2000,57,126.1162
2018-01-05T10:12:09.603,32,255,255,255,0,532,57,126.115
2018-01-05T10:12:37.875,32,255,255,255,0,500,1,126.110
2018-01-05T10:12:37.875,32,255,255,255,0,500,7,126.110
2018-01-05T10:12:55.954,32,95,255,255,95,700,1,126.120
2018-01-05T10:13:31.215,32,95,255,255,95,960,1,126.110
2018-01-05T10:13:31.215,32,95,255,255,95,640,1,126.110
2018-01-05T10:13:31.215,32,95,255,255,95,562,1,126.110
2018-01-05T10:13:31.215,32,95,255,255,95,621,1,126.110
2018-01-05T10:13:31.215,32,255,255,255,0,892,1,126.110
2018-01-05T10:13:31.215,32,255,255,255,0,1172,1,126.110
2018-01-05T10:13:45.576,32,255,255,255,0,7500,68,126.080
2018-01-05T10:13:45.576,32,255,255,255,0,1900,68,126.085
2018-01-05T10:13:51.891,32,255,255,255,0,800,11,126.090
2018-01-05T10:13:57.575,32,95,255,255,95,1600,1,126.110
2018-01-05T10:13:57.575,32,95,255,255,95,700,1,126.110
2018-01-05T10:13:57.576,32,95,255,255,95,700,63,126.110
2018-01-05T10:13:57.576,32,95,255,255,95,1500,60,126.110
2018-01-05T10:13:57.576,32,95,255,255,95,800,64,126.110
2018-01-05T10:13:57.576,32,95,255,255,95,700,60,126.110
2018-01-05T10:13:57.576,32,95,255,255,95,1700,65,126.110
2018-01-05T10:13:57.576,32,95,255,255,95,700,65,126.110
2018-01-05T10:13:57.576,32,95,255,255,95,700,65,126.120
2018-01-05T10:13:57.576,32,95,255,255,95,1900,7,126.110
2018-01-05T10:13:57.576,32,95,255,255,95,700,7,126.120
2018-01-05T10:13:57.576,32,95,255,255,95,1300,7,126.120
2018-01-05T10:13:57.64,32,255,255,255,0,900,57,126.110
2018-01-05T10:14:00.037,32,95,255,255,95,500,7,126.110
2018-01-05T10:14:20.93,32,255,255,255,0,500,11,126.100
2018-01-05T10:14:20.931,32,95,255,255,95,649,1,126.110
2018-01-05T10:14:20.931,32,255,255,255,0,2497,64,126.110
2018-01-05T10:14:20.932,32,95,255,255,95,836,65,126.110
2018-01-05T10:14:20.932,32,255,255,255,0,603,64,126.110
2018-01-05T10:14:20.932,32,255,255,255,0,1830,60,126.110
2018-01-05T10:14:20.932,32,255,255,255,0,700,64,126.110
2018-01-05T10:14:20.932,32,255,255,255,0,2364,65,126.110
2018-01-05T10:14:20.932,32,255,255,255,0,1903,1,126.110
2018-01-05T10:14:20.932,32,255,255,255,0,501,65,126.110
2018-01-05T10:14:20.932,32,255,255,255,0,1181,65,126.110
2018-01-05T10:14:20.932,32,255,255,255,0,701,65,126.110
2018-01-05T10:14:20.932,32,255,255,255,0,701,65,126.110
2018-01-05T10:14:20.932,32,255,255,255,0,1580,7,126.110
2018-01-05T10:14:20.932,32,255,255,255,0,617,7,126.110
2018-01-05T10:14:20.932,32,95,255,255,95,650,65,126.110
2018-01-05T10:14:20.947,32,95,255,255,95,580,1,126.110
2018-01-05T10:14:24.593,32,95,255,255,95,1000,65,126.100
2018-01-05T10:14:24.593,32,95,255,255,95,700,7,126.100
2018-01-05T10:14:24.594,32,255,255,255,0,500,63,126.110
2018-01-05T10:14:24.595,32,95,255,255,95,700,1,126.110
2018-01-05T10:15:14.253,32,255,255,255,0,800,11,126.080
2018-01-05T10:15:14.266,32,255,255,255,0,700,68,126.090
2018-01-05T10:15:43.467,32,255,255,255,0,900,7,126.100
2018-01-05T10:15:43.468,32,255,255,255,0,632,64,126.090
2018-01-05T10:15:43.468,32,255,255,255,0,540,64,126.090
2018-01-05T10:15:43.468,32,255,255,255,0,707,64,126.090
2018-01-05T10:16:11.755,32,95,255,255,95,684,1,126.100
2018-01-05T10:16:30.451,32,255,255,255,0,900,60,126.110
2018-01-05T10:16:54.461,32,95,255,255,95,1700,64,126.050
2018-01-05T10:16:54.461,32,95,255,255,95,1600,7,126.050
2018-01-05T10:16:54.462,32,95,255,255,95,837,7,126.050
2018-01-05T10:16:54.462,32,95,255,255,95,775,7,126.050
2018-01-05T10:16:54.463,32,255,255,255,0,1222,1,126.050
2018-01-05T10:16:54.463,32,255,255,255,0,790,1,126.050
2018-01-05T10:16:54.467,32,255,255,255,0,512,1,126.050
2018-01-05T10:17:00.397,32,95,255,255,95,800,63,126.050
2018-01-05T10:17:01.252,32,95,255,255,95,700,7,126.070
2018-01-05T10:17:22.14,32,255,255,255,0,600,68,126.0950
2018-01-05T10:17:22.142,32,255,255,255,0,600,57,126.0902
2018-01-05T10:18:01.811,32,255,255,255,0,600,63,126.090
2018-01-05T10:18:28.925,32,255,255,255,0,567,7,126.150
2018-01-05T10:19:09.228,32,255,255,255,0,500,57,126.1553
2018-01-05T10:19:18.963,32,255,255,255,0,1100,1,126.130
2018-01-05T10:20:24.226,32,255,255,255,0,700,1,126.1400
2018-01-05T10:20:55.482,32,255,255,255,0,900,57,126.150
2018-01-05T10:21:23.557,32,255,255,255,0,2351,57,126.1499
2018-01-05T10:21:30.107,32,95,255,255,95,600,7,126.150
2018-01-05T10:22:06.224,32,95,255,255,95,600,64,126.090
2018-01-05T10:22:06.36,32,255,255,255,0,7500,68,126.090
2018-01-05T10:22:06.361,32,255,255,255,0,7500,68,126.090
2018-01-05T10:22:21.536,32,255,255,255,0,2700,68,126.065
2018-01-05T10:22:29.078,32,255,255,255,0,2800,68,126.045
2018-01-05T10:22:29.087,32,255,255,255,0,2500,68,126.045
2018-01-05T10:22:29.088,32,255,255,255,0,3300,68,126.045
2018-01-05T10:22:29.089,32,255,255,255,0,2500,68,126.045
2018-01-05T10:22:29.09,32,255,255,255,0,2200,68,126.045
2018-01-05T10:22:29.093,32,255,255,255,0,3200,68,126.045
2018-01-05T10:22:29.096,32,255,255,255,0,3000,68,126.045
2018-01-05T10:22:38.42,32,95,255,255,95,700,65,126.030
2018-01-05T10:22:38.421,32,95,255,255,95,700,7,126.030
2018-01-05T10:22:38.426,32,255,255,255,0,500,1,126.030
2018-01-05T10:22:40.756,32,255,255,255,0,744,1,126.040
2018-01-05T10:22:56.757,32,255,255,255,0,900,57,126.030
2018-01-05T10:22:59.49,32,255,255,255,0,2300,57,125.9925
2018-01-05T10:22:59.49,32,255,255,255,0,600,57,125.9900
2018-01-05T10:22:59.491,32,255,255,255,0,900,57,125.9950
2018-01-05T10:22:59.491,32,255,255,255,0,500,57,125.995
2018-01-05T10:22:59.492,32,255,255,255,0,3900,57,125.995
2018-01-05T10:22:59.494,32,255,255,255,0,1200,59,125.995
2018-01-05T10:22:59.495,32,255,255,255,0,1500,57,125.990
2018-01-05T10:22:59.565,32,255,255,255,0,1300,57,125.9925
2018-01-05T10:23:06.682,32,255,255,255,0,700,60,125.990
2018-01-05T10:23:06.683,32,255,255,255,0,600,7,125.995
2018-01-05T10:23:06.683,32,255,255,255,0,1710,1,125.995
2018-01-05T10:23:07.34,32,255,255,255,0,2000,60,125.995
2018-01-05T10:23:07.341,32,255,255,255,0,500,64,125.995
2018-01-05T10:23:07.341,32,255,255,255,0,1300,57,125.9925
2018-01-05T10:23:07.341,32,255,255,255,0,500,65,125.9950
2018-01-05T10:23:07.343,32,255,255,255,0,2000,57,125.995
2018-01-05T10:23:07.344,32,255,255,255,0,2000,57,125.995
2018-01-05T10:23:07.347,32,255,255,255,0,800,57,125.990
2018-01-05T10:23:07.454,32,255,255,255,0,700,57,125.9925
2018-01-05T10:23:07.764,32,255,255,255,0,500,1,125.990
2018-01-05T10:23:07.765,32,255,255,255,0,500,7,125.9950
2018-01-05T10:23:07.765,32,255,255,255,0,700,68,125.9950
2018-01-05T10:23:07.765,32,255,255,255,0,3200,68,125.990
2018-01-05T10:23:07.766,32,255,255,255,0,600,1,125.980
2018-01-05T10:23:07.766,32,255,255,255,0,1000,1,125.980
2018-01-05T10:23:07.766,32,255,255,255,0,600,60,125.980
2018-01-05T10:23:07.767,32,255,255,255,0,7500,68,125.980
2018-01-05T10:23:07.767,32,255,255,255,0,1736,57,125.995
2018-01-05T10:23:07.767,32,255,255,255,0,2700,68,125.980
2018-01-05T10:23:07.806,32,95,255,255,95,600,1,125.980
2018-01-05T10:23:07.997,32,255,255,255,0,1300,9,125.990
2018-01-05T10:23:07.997,32,255,255,255,0,800,60,125.990
2018-01-05T10:23:07.998,32,255,255,255,0,800,7,125.990
2018-01-05T10:23:08.013,32,255,255,255,0,1400,68,125.995
2018-01-05T10:23:08.072,32,255,255,255,0,600,7,125.995
2018-01-05T10:23:13.355,32,255,255,255,0,500,57,125.987
2018-01-05T10:23:19.425,32,255,255,255,0,800,1,125.990
2018-01-05T10:23:19.425,32,255,255,255,0,895,1,125.990
2018-01-05T10:23:19.425,32,255,255,255,0,1155,7,125.990
2018-01-05T10:23:19.425,32,255,255,255,0,745,7,125.990
2018-01-05T10:23:19.425,32,255,255,255,0,658,60,125.990
2018-01-05T10:23:23.21,32,95,255,255,95,800,1,125.995
2018-01-05T10:23:23.21,32,95,255,255,95,1000,1,125.995
2018-01-05T10:23:23.21,32,255,255,255,0,500,1,125.995
2018-01-05T10:23:23.21,32,255,255,255,0,1000,1,125.990
2018-01-05T10:23:23.21,32,95,255,255,95,500,1,125.980
2018-01-05T10:23:23.21,32,255,255,255,0,1733,60,125.995
2018-01-05T10:23:23.21,32,95,255,255,95,516,63,125.990
2018-01-05T10:23:23.21,32,255,255,255,0,700,65,125.995
2018-01-05T10:23:23.21,32,95,255,255,95,500,7,125.995
2018-01-05T10:23:23.21,32,255,255,255,0,1000,65,125.990
2018-01-05T10:23:23.21,32,95,255,255,95,1000,7,125.995
2018-01-05T10:23:23.21,32,255,255,255,0,1200,7,125.995
2018-01-05T10:23:23.21,32,255,255,255,0,800,7,125.990
2018-01-05T10:23:23.21,32,95,255,255,95,723,60,125.990
2018-01-05T10:23:23.21,32,255,255,255,0,1500,57,125.9925
2018-01-05T10:23:23.211,32,255,255,255,0,2900,68,125.9950
2018-01-05T10:23:23.211,32,255,255,255,0,1000,68,125.990
2018-01-05T10:23:23.212,32,255,255,255,0,600,57,125.995
2018-01-05T10:23:23.214,32,255,255,255,0,3900,57,125.995
2018-01-05T10:23:23.215,32,255,255,255,0,700,57,125.995
2018-01-05T10:23:23.215,32,255,255,255,0,1700,57,125.995
2018-01-05T10:23:23.216,32,255,255,255,0,1000,57,125.990
2018-01-05T10:23:23.221,32,255,255,255,0,1500,57,125.990
2018-01-05T10:23:23.323,32,255,255,255,0,700,57,125.9925
2018-01-05T10:23:23.382,32,95,255,255,95,3400,64,126.000
2018-01-05T10:23:25.053,32,95,255,255,95,760,64,126.000
2018-01-05T10:23:25.053,32,255,255,255,0,566,60,126.000
2018-01-05T10:23:35.882,32,95,255,255,95,700,1,126.020
2018-01-05T10:23:36.686,32,95,255,255,95,700,7,126.020
2018-01-05T10:23:46.539,32,255,255,255,0,3000,68,126.005
2018-01-05T10:23:46.544,32,255,255,255,0,2400,68,126.005
2018-01-05T10:23:46.548,32,255,255,255,0,3100,68,126.005
2018-01-05T10:23:46.551,32,255,255,255,0,1900,68,126.005
2018-01-05T10:23:54.954,32,255,255,255,0,500,1,126.010
2018-01-05T10:23:54.963,32,255,255,255,0,3300,68,126.005
2018-01-05T10:23:58.06,32,255,255,255,0,2000,68,125.995
2018-01-05T10:24:10.547,32,95,255,255,95,500,7,125.990
2018-01-05T10:24:47.135,32,255,255,255,0,500,57,125.9750
2018-01-05T10:24:47.993,32,255,255,255,0,2400,68,125.955
2018-01-05T10:24:53.455,32,95,255,255,95,1000,1,125.970
2018-01-05T10:24:56.335,32,255,255,255,0,2206,57,125.9694
2018-01-05T10:25:02.1,32,255,255,255,0,700,57,125.960
2018-01-05T10:25:03.132,32,255,255,255,0,500,1,125.960
2018-01-05T10:25:03.133,32,255,255,255,0,800,7,125.960
2018-01-05T10:25:10.417,32,255,255,255,0,514,7,125.960
2018-01-05T10:25:14.48,32,255,255,255,0,500,63,125.980
2018-01-05T10:25:14.481,32,255,255,255,0,1102,1,125.980
2018-01-05T10:25:14.481,32,95,255,255,95,514,64,125.980
2018-01-05T10:25:14.481,32,255,255,255,0,631,60,125.980
2018-01-05T10:25:14.482,32,255,255,255,0,2354,65,125.980
2018-01-05T10:25:14.482,32,255,255,255,0,800,7,125.980
2018-01-05T10:25:14.486,32,95,255,255,95,600,1,125.980
2018-01-05T10:25:18.258,32,255,255,255,0,3600,68,125.975
2018-01-05T10:25:49.749,32,255,255,255,0,800,68,125.920
2018-01-05T10:25:49.749,32,95,255,255,95,702,64,125.920
2018-01-05T10:25:49.749,32,95,255,255,95,929,64,125.920
2018-01-05T10:25:55.37,32,95,255,255,95,600,64,125.900
2018-01-05T10:25:55.37,32,95,255,255,95,500,63,125.910
2018-01-05T10:25:55.37,32,95,255,255,95,600,7,125.890
2018-01-05T10:25:55.372,32,255,255,255,0,781,60,125.910
2018-01-05T10:25:55.391,32,255,255,255,0,547,1,125.910
2018-01-05T10:25:55.392,32,255,255,255,0,700,7,125.910
2018-01-05T10:25:58.464,32,95,255,255,95,787,11,125.920
2018-01-05T10:25:58.464,32,95,255,255,95,2600,63,125.920
2018-01-05T10:26:05.328,32,255,255,255,0,1220,68,125.935
2018-01-05T10:26:07.049,32,95,255,255,95,500,63,125.940
2018-01-05T10:26:07.053,32,255,255,255,0,500,60,125.940
2018-01-05T10:26:30.937,32,95,255,255,95,700,1,125.910
2018-01-05T10:26:30.937,32,95,255,255,95,700,60,125.910
2018-01-05T10:26:30.937,32,95,255,255,95,700,65,125.910
2018-01-05T10:26:30.937,32,95,255,255,95,700,7,125.910
2018-01-05T10:26:30.942,32,255,255,255,0,700,64,125.900
2018-01-05T10:26:30.951,32,255,255,255,0,1748,1,125.900
2018-01-05T10:26:30.951,32,95,255,255,95,500,9,125.900
2018-01-05T10:26:30.96,32,95,255,255,95,700,64,125.910
2018-01-05T10:26:30.966,32,95,255,255,95,700,1,125.900
2018-01-05T10:26:30.966,32,95,255,255,95,600,60,125.900
2018-01-05T10:26:30.966,32,95,255,255,95,600,65,125.900
2018-01-05T10:26:30.969,32,255,255,255,0,700,7,125.900
2018-01-05T10:26:37.128,32,255,255,255,0,641,60,125.900
2018-01-05T10:26:37.128,32,95,255,255,95,1000,1,125.900
2018-01-05T10:26:37.128,32,95,255,255,95,1000,1,125.900
2018-01-05T10:26:37.129,32,255,255,255,0,1665,7,125.900
2018-01-05T10:26:37.132,32,255,255,255,0,500,11,125.910
2018-01-05T10:26:37.132,32,255,255,255,0,500,63,125.910
2018-01-05T10:26:37.699,32,95,255,255,95,1000,1,125.920
2018-01-05T10:26:54.046,32,255,255,255,0,1300,65,125.920
2018-01-05T10:26:54.049,32,95,255,255,95,700,60,125.910
2018-01-05T10:27:01.133,32,255,255,255,0,2000,57,125.870
2018-01-05T10:27:04.375,32,255,255,255,0,500,11,125.860
2018-01-05T10:27:05.388,32,95,255,255,95,2800,1,125.860
2018-01-05T10:27:16.651,32,255,255,255,0,500,7,125.870
2018-01-05T10:27:16.661,32,255,255,255,0,800,1,125.880
2018-01-05T10:27:16.661,32,255,255,255,0,1700,7,125.880
2018-01-05T10:27:16.661,32,255,255,255,0,800,60,125.880
2018-01-05T10:27:16.661,32,255,255,255,0,500,11,125.890
2018-01-05T10:27:25.67,32,255,255,255,0,500,7,125.890
2018-01-05T10:27:25.672,32,255,255,255,0,1000,7,125.900
2018-01-05T10:27:31.864,32,95,255,255,95,700,1,125.910
2018-01-05T10:28:42.401,32,255,255,255,0,723,11,125.8800
2018-01-05T10:29:41.505,32,255,255,255,0,700,60,125.930
2018-01-05T10:29:41.505,32,255,255,255,0,700,60,125.930
2018-01-05T10:29:58.528,32,95,255,255,95,1038,1,125.910
2018-01-05T10:29:58.53,32,255,255,255,0,2000,57,125.910
2018-01-05T10:30:19.339,32,255,255,255,0,700,64,125.900
2018-01-05T10:30:57.095,32,255,255,255,0,700,1,125.860
2018-01-05T10:30:57.099,32,95,255,255,95,1178,1,125.860
2018-01-05T10:30:57.1,32,95,255,255,95,700,7,125.860
2018-01-05T10:31:01.468,32,95,255,255,95,1000,1,125.850
2018-01-05T10:31:09.296,32,255,255,255,0,600,7,125.860
2018-01-05T10:31:14.851,32,255,255,255,0,500,1,125.860
2018-01-05T10:31:49.413,32,255,255,255,0,500,11,125.860
2018-01-05T10:31:52.398,32,95,255,255,95,700,1,125.850
2018-01-05T10:32:09.575,32,95,255,255,95,1147,1,125.820
2018-01-05T10:32:09.576,32,95,255,255,95,1300,65,125.820
2018-01-05T10:32:09.576,32,95,255,255,95,1547,60,125.820
2018-01-05T10:32:09.576,32,255,255,255,0,661,1,125.820
2018-01-05T10:32:09.576,32,95,255,255,95,1300,7,125.820
2018-01-05T10:32:09.576,32,95,255,255,95,665,60,125.820
2018-01-05T10:32:09.576,32,95,255,255,95,553,7,125.820
2018-01-05T10:32:09.607,32,255,255,255,0,1000,11,125.820
2018-01-05T10:32:09.622,32,95,255,255,95,802,1,125.820
2018-01-05T10:32:09.64,32,95,255,255,95,700,64,125.830
2018-01-05T10:32:09.687,32,255,255,255,0,2600,57,125.8301
2018-01-05T10:32:10.601,32,95,255,255,95,900,9,125.840
2018-01-05T10:32:11.136,32,95,255,255,95,500,11,125.850
2018-01-05T10:32:24.043,32,95,255,255,95,500,1,125.860
2018-01-05T10:32:24.043,32,95,255,255,95,1377,1,125.870
2018-01-05T10:32:24.043,32,95,255,255,95,1093,11,125.870
2018-01-05T10:32:24.043,32,95,255,255,95,1000,9,125.870
2018-01-05T10:32:24.043,32,95,255,255,95,726,60,125.870
2018-01-05T10:32:24.043,32,95,255,255,95,1300,7,125.870
2018-01-05T10:32:24.043,32,95,255,255,95,1040,65,125.870
2018-01-05T10:32:24.043,32,95,255,255,95,1874,60,125.870
2018-01-05T10:32:24.074,32,255,255,255,0,1080,11,125.880
2018-01-05T10:32:24.074,32,255,255,255,0,866,63,125.880
2018-01-05T10:32:24.074,32,255,255,255,0,652,64,125.880
2018-01-05T10:32:37.738,32,255,255,255,0,1274,1,125.860
2018-01-05T10:32:37.738,32,95,255,255,95,640,1,125.860
2018-01-05T10:32:37.738,32,95,255,255,95,640,1,125.860
2018-01-05T10:32:37.738,32,255,255,255,0,2146,1,125.860
2018-01-05T10:33:03.504,32,255,255,255,0,500,11,125.850
2018-01-05T10:34:12.654,32,255,255,255,0,1100,65,125.840
2018-01-05T10:34:12.654,32,95,255,255,95,640,7,125.840
2018-01-05T10:34:24.096,32,255,255,255,0,900,7,125.840
2018-01-05T10:34:24.599,32,95,255,255,95,1800,63,125.830
2018-01-05T10:34:24.599,32,95,255,255,95,500,64,125.830
2018-01-05T10:34:24.599,32,95,255,255,95,700,64,125.820
2018-01-05T10:34:24.599,32,95,255,255,95,700,1,125.830
2018-01-05T10:34:24.599,32,95,255,255,95,700,7,125.830
2018-01-05T10:34:24.6,32,255,255,255,0,700,60,125.830
2018-01-05T10:34:24.6,32,95,255,255,95,1300,60,125.830
2018-01-05T10:34:24.6,32,255,255,255,0,700,65,125.830
2018-01-05T10:34:24.6,32,95,255,255,95,500,7,125.830
2018-01-05T10:35:03.422,32,95,255,255,95,700,64,125.820
2018-01-05T10:35:45.465,32,255,255,255,0,800,63,125.830
2018-01-05T10:36:16.335,32,95,255,255,95,900,7,125.820
2018-01-05T10:36:16.77,32,255,255,255,0,2353,57,125.821
2018-01-05T10:36:31.974,32,95,255,255,95,1300,11,125.810
2018-01-05T10:36:32.017,32,255,255,255,0,700,64,125.810
2018-01-05T10:36:32.02,32,255,255,255,0,512,1,125.810
2018-01-05T10:36:32.021,32,255,255,255,0,512,7,125.810
2018-01-05T10:36:33.649,32,255,255,255,0,2000,57,125.800
2018-01-05T10:36:46.337,32,95,255,255,95,804,7,125.800
2018-01-05T10:37:15.026,32,95,255,255,95,5300,1,125.770
2018-01-05T10:37:15.027,32,95,255,255,95,2195,1,125.760
2018-01-05T10:37:15.027,32,95,255,255,95,3600,65,125.770
2018-01-05T10:37:15.027,32,95,255,255,95,2300,7,125.770
2018-01-05T10:37:15.028,32,255,255,255,0,3600,60,125.770
2018-01-05T10:37:15.028,32,95,255,255,95,3400,7,125.770
2018-01-05T10:37:15.028,32,95,255,255,95,600,65,125.770
2018-01-05T10:37:15.029,32,255,255,255,0,3898,64,125.760
2018-01-05T10:37:15.032,32,255,255,255,0,2785,1,125.760
2018-01-05T10:37:15.032,32,255,255,255,0,700,1,125.760
2018-01-05T10:37:15.032,32,255,255,255,0,5800,11,125.760
2018-01-05T10:37:15.032,32,255,255,255,0,900,1,125.760
2018-01-05T10:37:15.032,32,95,255,255,95,3485,1,125.765
2018-01-05T10:37:15.032,32,95,255,255,95,1863,1,125.765
2018-01-05T10:37:15.033,32,95,255,255,95,2256,7,125.760
2018-01-05T10:37:15.033,32,255,255,255,0,3600,57,125.780
2018-01-05T10:37:15.041,32,255,255,255,0,800,60,125.750
2018-01-05T10:37:15.041,32,95,255,255,95,500,63,125.750
2018-01-05T10:37:15.041,32,255,255,255,0,900,7,125.750
2018-01-05T10:37:15.088,32,255,255,255,0,1500,1,125.750
2018-01-05T10:37:15.151,32,255,255,255,0,600,1,125.740
2018-01-05T10:37:15.151,32,255,255,255,0,600,1,125.740
2018-01-05T10:37:15.151,32,255,255,255,0,600,7,125.740
2018-01-05T10:37:15.151,32,255,255,255,0,600,7,125.740
2018-01-05T10:37:15.154,32,95,255,255,95,600,1,125.730
2018-01-05T10:37:15.154,32,95,255,255,95,600,7,125.730
2018-01-05T10:37:17.254,32,255,255,255,0,600,1,125.720
2018-01-05T10:37:17.254,32,255,255,255,0,600,1,125.720
2018-01-05T10:37:17.255,32,255,255,255,0,506,7,125.720
2018-01-05T10:37:17.338,32,95,255,255,95,600,1,125.710
2018-01-05T10:37:17.338,32,95,255,255,95,500,1,125.700
2018-01-05T10:37:17.338,32,95,255,255,95,600,7,125.710
2018-01-05T10:37:18.154,32,95,255,255,95,1600,1,125.690
2018-01-05T10:37:18.154,32,95,255,255,95,500,7,125.700
2018-01-05T10:37:18.85,32,255,255,255,0,7500,1,125.690
2018-01-05T10:37:18.85,32,255,255,255,0,900,1,125.690
2018-01-05T10:37:21.035,32,95,255,255,95,774,60,125.680
2018-01-05T10:37:21.636,32,95,255,255,95,600,60,125.670
2018-01-05T10:37:23.359,32,255,255,255,0,1000,1,125.670
2018-01-05T10:37:23.359,32,255,255,255,0,800,9,125.670
2018-01-05T10:37:23.362,32,95,255,255,95,800,60,125.670
2018-01-05T10:37:23.362,32,255,255,255,0,1000,1,125.670
2018-01-05T10:37:23.363,32,95,255,255,95,700,7,125.670
2018-01-05T10:37:23.367,32,95,255,255,95,700,65,125.660
2018-01-05T10:37:23.367,32,255,255,255,0,700,1,125.660
2018-01-05T10:37:23.367,32,95,255,255,95,700,7,125.660
2018-01-05T10:37:28.825,32,95,255,255,95,504,11,125.6300
2018-01-05T10:37:28.825,32,95,255,255,95,900,11,125.640
2018-01-05T10:37:29.836,32,255,255,255,0,1945,65,125.660
2018-01-05T10:37:29.836,32,255,255,255,0,1423,60,125.660
2018-01-05T10:37:33.556,32,255,255,255,0,600,11,125.6700
2018-01-05T10:37:39.887,32,255,255,255,0,1100,57,125.660
2018-01-05T10:37:56.17,32,255,255,255,0,500,57,125.660
2018-01-05T10:38:08.949,32,95,255,255,95,700,60,125.650
2018-01-05T10:38:08.955,32,255,255,255,0,11700,57,125.650
2018-01-05T10:38:08.955,32,255,255,255,0,3900,57,125.650
2018-01-05T10:38:09.33,32,95,255,255,95,600,1,125.660
2018-01-05T10:38:09.467,32,95,255,255,95,1300,65,125.670
2018-01-05T10:38:13.516,32,95,255,255,95,600,1,125.670
2018-01-05T10:38:13.516,32,95,255,255,95,1300,65,125.670
2018-01-05T10:38:13.517,32,95,255,255,95,500,7,125.670
2018-01-05T10:38:13.517,32,95,255,255,95,700,1,125.670
2018-01-05T10:38:13.517,32,95,255,255,95,700,7,125.670
2018-01-05T10:38:13.518,32,95,255,255,95,540,11,125.660
2018-01-05T10:38:15.03,32,255,255,255,0,2353,57,125.6795
2018-01-05T10:38:18.252,32,95,255,255,95,900,1,125.670
2018-01-05T10:38:30.864,32,255,255,255,0,3600,57,125.6201
2018-01-05T10:38:37.952,32,255,255,255,0,500,1,125.610
2018-01-05T10:38:37.952,32,95,255,255,95,500,1,125.600
2018-01-05T10:38:37.952,32,255,255,255,0,942,1,125.600
2018-01-05T10:38:37.952,32,255,255,255,0,1117,1,125.600
2018-01-05T10:38:37.952,32,95,255,255,95,600,1,125.600
2018-01-05T10:38:37.952,32,95,255,255,95,2055,1,125.600
2018-01-05T10:38:37.953,32,255,255,255,0,2296,1,125.600
2018-01-05T10:38:54.339,32,95,255,255,95,800,1,125.650
2018-01-05T10:38:54.904,32,255,255,255,0,1400,57,125.6399
2018-01-05T10:39:08.168,32,255,255,255,0,595,57,125.6300
2018-01-05T10:39:15.32,32,255,255,255,0,500,57,125.6319
2018-01-05T10:39:16.526,32,255,255,255,0,700,64,125.580
2018-01-05T10:39:16.527,32,255,255,255,0,1116,11,125.580
2018-01-05T10:39:21.051,32,255,255,255,0,700,60,125.550
2018-01-05T10:39:26.386,32,255,255,255,0,677,57,125.570
2018-01-05T10:39:30.373,32,95,255,255,95,700,1,125.580
2018-01-05T10:39:35.239,32,255,255,255,0,576,1,125.600
2018-01-05T10:39:35.239,32,255,255,255,0,633,60,125.600
2018-01-05T10:39:35.239,32,255,255,255,0,700,65,125.600
2018-01-05T10:39:35.24,32,95,255,255,95,500,11,125.610
2018-01-05T10:39:35.341,32,255,255,255,0,600,57,125.610
2018-01-05T10:39:37.127,32,95,255,255,95,700,1,125.610
2018-01-05T10:39:37.127,32,95,255,255,95,500,1,125.610
2018-01-05T10:39:37.127,32,255,255,255,0,700,7,125.610
2018-01-05T10:39:54.705,32,95,255,255,95,1000,63,125.630
2018-01-05T10:40:00.639,32,95,255,255,95,700,64,125.620
2018-01-05T10:40:00.64,32,95,255,255,95,700,65,125.620
2018-01-05T10:40:00.64,32,95,255,255,95,700,60,125.620
2018-01-05T10:40:00.675,32,255,255,255,0,3750,1,125.620
2018-01-05T10:40:14.59,32,95,255,255,95,700,1,125.630
2018-01-05T10:40:14.59,32,95,255,255,95,1000,1,125.630
2018-01-05T10:40:14.59,32,95,255,255,95,2400,1,125.640
2018-01-05T10:40:14.59,32,255,255,255,0,1000,60,125.630
2018-01-05T10:40:14.59,32,95,255,255,95,1000,7,125.630
2018-01-05T10:40:14.59,32,95,255,255,95,500,7,125.640
2018-01-05T10:40:18.574,32,255,255,255,0,3494,1,125.650
2018-01-05T10:40:53.546,32,95,255,255,95,600,60,125.650
2018-01-05T10:40:53.546,32,255,255,255,0,700,1,125.650
2018-01-05T10:40:53.546,32,255,255,255,0,700,65,125.650
2018-01-05T10:40:53.546,32,255,255,255,0,699,7,125.650
2018-01-05T10:40:53.553,32,95,255,255,95,700,7,125.650
2018-01-05T10:40:54.023,32,255,255,255,0,700,7,125.650
2018-01-05T10:40:54.26,32,255,255,255,0,700,7,125.650
2018-01-05T10:40:54.874,32,255,255,255,0,700,7,125.650
2018-01-05T10:41:01.258,32,95,255,255,95,700,1,125.650
2018-01-05T10:41:10.727,32,255,255,255,0,1300,57,125.650
2018-01-05T10:41:16.133,32,255,255,255,0,500,7,125.6500
2018-01-05T10:41:37.152,32,255,255,255,0,1454,1,125.660
2018-01-05T10:42:04.794,32,95,255,255,95,2000,64,125.650
2018-01-05T10:42:04.801,32,255,255,255,0,660,57,125.650
2018-01-05T10:42:11.641,32,255,255,255,0,1500,57,125.6589
2018-01-05T10:42:28.657,32,255,255,255,0,700,65,125.660
2018-01-05T10:42:28.657,32,255,255,255,0,700,1,125.660
2018-01-05T10:42:28.657,32,255,255,255,0,700,60,125.660
2018-01-05T10:42:28.657,32,255,255,255,0,700,7,125.660
2018-01-05T10:42:34.205,32,255,255,255,0,700,7,125.660
2018-01-05T10:42:34.255,32,95,255,255,95,700,1,125.670
2018-01-05T10:42:34.255,32,95,255,255,95,700,65,125.670
2018-01-05T10:42:34.255,32,255,255,255,0,500,60,125.670
2018-01-05T10:42:34.256,32,95,255,255,95,700,7,125.670
2018-01-05T10:42:34.267,32,255,255,255,0,600,57,125.680
2018-01-05T10:42:34.316,32,255,255,255,0,500,1,125.680
2018-01-05T10:42:34.345,32,255,255,255,0,600,57,125.680
2018-01-05T10:42:57.547,32,255,255,255,0,700,64,125.670
2018-01-05T10:43:12.65,32,95,255,255,95,500,7,125.680
2018-01-05T10:43:28.967,32,255,255,255,0,2000,57,125.660
2018-01-05T10:43:56.522,32,255,255,255,0,700,7,125.660
2018-01-05T10:44:25.873,32,255,255,255,0,761,7,125.660
2018-01-05T10:44:39.306,32,255,255,255,0,1300,11,125.690
2018-01-05T10:44:39.307,32,255,255,255,0,2300,63,125.690
2018-01-05T10:44:39.307,32,255,255,255,0,2600,68,125.690
2018-01-05T10:44:39.314,32,255,255,255,0,1300,57,125.690
2018-01-05T10:44:42.582,32,95,255,255,95,700,1,125.690
2018-01-05T10:44:42.582,32,95,255,255,95,3900,1,125.690
2018-01-05T10:44:42.582,32,95,255,255,95,1000,1,125.690
2018-01-05T10:44:42.582,32,95,255,255,95,700,65,125.690
2018-01-05T10:44:42.583,32,95,255,255,95,1300,65,125.690
2018-01-05T10:44:42.583,32,255,255,255,0,700,60,125.690
2018-01-05T10:44:42.583,32,255,255,255,0,851,60,125.690
2018-01-05T10:44:42.583,32,255,255,255,0,700,7,125.690
2018-01-05T10:44:42.583,32,255,255,255,0,500,7,125.690
2018-01-05T10:44:42.583,32,255,255,255,0,700,7,125.690
2018-01-05T10:44:42.584,32,255,255,255,0,700,65,125.700
2018-01-05T10:44:42.584,32,255,255,255,0,1600,65,125.700
2018-01-05T10:44:42.585,32,95,255,255,95,1600,1,125.700
2018-01-05T10:44:42.585,32,255,255,255,0,507,64,125.700
2018-01-05T10:44:42.585,32,255,255,255,0,1905,7,125.700
2018-01-05T10:44:42.585,32,255,255,255,0,2136,60,125.700
2018-01-05T10:44:42.586,32,255,255,255,0,1900,68,125.700
2018-01-05T10:44:42.588,32,95,255,255,95,670,60,125.710
2018-01-05T10:44:42.588,32,95,255,255,95,770,7,125.710
2018-01-05T10:44:42.589,32,255,255,255,0,600,1,125.710
2018-01-05T10:44:42.589,32,255,255,255,0,1300,11,125.720
2018-01-05T10:44:42.589,32,95,255,255,95,1270,7,125.720
2018-01-05T10:44:42.59,32,255,255,255,0,700,60,125.710
2018-01-05T10:44:42.59,32,95,255,255,95,4830,1,125.720
2018-01-05T10:44:42.59,32,95,255,255,95,800,1,125.720
2018-01-05T10:44:42.59,32,95,255,255,95,700,1,125.720
2018-01-05T10:44:42.59,32,95,255,255,95,700,65,125.715
2018-01-05T10:44:42.59,32,95,255,255,95,855,65,125.715
2018-01-05T10:44:42.59,32,95,255,255,95,800,65,125.720
2018-01-05T10:44:42.59,32,95,255,255,95,700,65,125.720
2018-01-05T10:44:42.59,32,95,255,255,95,3730,7,125.720
2018-01-05T10:44:42.591,32,95,255,255,95,700,7,125.720
2018-01-05T10:44:42.591,32,95,255,255,95,800,7,125.720
2018-01-05T10:44:42.591,32,95,255,255,95,930,1,125.720
2018-01-05T10:44:42.591,32,95,255,255,95,700,1,125.720
2018-01-05T10:44:42.591,32,95,255,255,95,700,7,125.720
2018-01-05T10:44:42.591,32,95,255,255,95,1300,9,125.720
2018-01-05T10:44:42.591,32,95,255,255,95,800,9,125.720
2018-01-05T10:44:42.591,32,95,255,255,95,600,1,125.720
2018-01-05T10:44:42.591,32,95,255,255,95,700,60,125.715
2018-01-05T10:44:42.591,32,95,255,255,95,700,65,125.720
2018-01-05T10:44:42.591,32,95,255,255,95,700,7,125.720
2018-01-05T10:44:42.592,32,95,255,255,95,1400,1,125.720
2018-01-05T10:44:42.592,32,95,255,255,95,600,1,125.720
2018-01-05T10:44:42.592,32,255,255,255,0,800,68,125.720
2018-01-05T10:44:42.62,32,255,255,255,0,513,1,125.715
2018-01-05T10:44:42.62,32,95,255,255,95,1400,1,125.720
2018-01-05T10:44:42.62,32,95,255,255,95,700,1,125.720
2018-01-05T10:44:42.62,32,95,255,255,95,713,1,125.720
2018-01-05T10:44:42.62,32,95,255,255,95,513,63,125.720
2018-01-05T10:44:42.62,32,95,255,255,95,600,60,125.715
2018-01-05T10:44:42.62,32,95,255,255,95,1100,64,125.720
2018-01-05T10:44:42.621,32,95,255,255,95,600,7,125.715
2018-01-05T10:44:42.621,32,95,255,255,95,1100,7,125.715
2018-01-05T10:44:42.621,32,95,255,255,95,900,7,125.715
2018-01-05T10:44:42.623,32,255,255,255,0,600,57,125.715
2018-01-05T10:44:42.628,32,255,255,255,0,600,57,125.715
2018-01-05T10:44:42.628,32,95,255,255,95,700,60,125.720
2018-01-05T10:44:42.628,32,255,255,255,0,644,1,125.720
2018-01-05T10:44:45.858,32,95,255,255,95,700,1,125.720
2018-01-05T10:44:45.858,32,95,255,255,95,1300,1,125.720
2018-01-05T10:44:45.858,32,95,255,255,95,900,1,125.720
2018-01-05T10:44:45.858,32,95,255,255,95,700,65,125.720
2018-01-05T10:44:45.859,32,95,255,255,95,604,1,125.720
2018-01-05T10:44:45.859,32,255,255,255,0,596,1,125.720
2018-01-05T10:44:46.506,32,255,255,255,0,1512,1,125.710
2018-01-05T10:44:46.506,32,95,255,255,95,548,1,125.710
2018-01-05T10:44:46.506,32,255,255,255,0,1697,1,125.710
2018-01-05T10:44:46.506,32,255,255,255,0,929,1,125.710
2018-01-05T10:44:46.507,32,95,255,255,95,700,65,125.700
2018-01-05T10:44:46.531,32,255,255,255,0,700,1,125.700
2018-01-05T10:44:46.531,32,255,255,255,0,700,60,125.700
2018-01-05T10:44:46.531,32,255,255,255,0,700,7,125.700
2018-01-05T10:44:49.62,32,255,255,255,0,800,57,125.6621
2018-01-05T10:44:51.58,32,255,255,255,0,2100,11,125.6700
2018-01-05T10:44:53.9,32,255,255,255,0,1000,1,125.650
2018-01-05T10:44:53.9,32,255,255,255,0,4400,1,125.650
2018-01-05T10:44:53.9,32,255,255,255,0,3974,1,125.650
2018-01-05T10:44:53.9,32,95,255,255,95,1600,1,125.650
2018-01-05T10:44:53.9,32,255,255,255,0,1745,1,125.650
2018-01-05T10:44:53.9,32,95,255,255,95,960,1,125.650
2018-01-05T10:44:53.9,32,95,255,255,95,960,1,125.650
2018-01-05T10:44:53.9,32,255,255,255,0,4947,1,125.650
2018-01-05T10:44:53.901,32,255,255,255,0,1300,60,125.650
2018-01-05T10:44:53.901,32,255,255,255,0,800,1,125.650
2018-01-05T10:44:58.888,32,95,255,255,95,700,1,125.650
2018-01-05T10:44:58.888,32,95,255,255,95,580,64,125.650
2018-01-05T10:44:58.888,32,95,255,255,95,500,60,125.650
2018-01-05T10:44:58.902,32,95,255,255,95,1600,1,125.650
2018-01-05T10:44:58.911,32,95,255,255,95,700,7,125.650
2018-01-05T10:44:58.913,32,255,255,255,0,1400,1,125.650
2018-01-05T10:45:04.682,32,255,255,255,0,500,57,125.645
2018-01-05T10:45:04.684,32,255,255,255,0,500,57,125.645
2018-01-05T10:45:05.333,32,255,255,255,0,700,68,125.645
2018-01-05T10:45:05.499,32,255,255,255,0,800,68,125.645
2018-01-05T10:45:05.622,32,255,255,255,0,700,68,125.645
2018-01-05T10:45:12.736,32,95,255,255,95,1000,1,125.650
2018-01-05T10:45:18.585,32,255,255,255,0,4448,57,125.640
2018-01-05T10:45:20.877,32,255,255,255,0,1390,1,125.660
2018-01-05T10:45:20.883,32,255,255,255,0,700,64,125.670
2018-01-05T10:45:20.991,32,255,255,255,0,1000,1,125.660
2018-01-05T10:45:32.654,32,255,255,255,0,600,60,125.650
2018-01-05T10:45:35.339,32,255,255,255,0,633,60,125.650
2018-01-05T10:45:51.324,32,255,255,255,0,600,1,125.650
2018-01-05T10:45:51.324,32,95,255,255,95,723,1,125.650
2018-01-05T10:45:52.237,32,255,255,255,0,520,57,125.650
2018-01-05T10:46:01.057,32,95,255,255,95,1300,65,125.640
2018-01-05T10:47:20.251,32,95,255,255,95,500,63,125.660
2018-01-05T10:47:22.693,32,255,255,255,0,2219,1,125.660
2018-01-05T10:47:22.693,32,95,255,255,95,1300,7,125.660
2018-01-05T10:47:22.755,32,255,255,255,0,600,57,125.6382
2018-01-05T10:47:23.719,32,255,255,255,0,700,60,125.650
2018-01-05T10:47:23.719,32,255,255,255,0,500,64,125.650
2018-01-05T10:47:23.72,32,255,255,255,0,513,1,125.650
2018-01-05T10:47:23.72,32,255,255,255,0,700,65,125.650
2018-01-05T10:48:18.49,32,255,255,255,0,3666,7,125.620
2018-01-05T10:48:18.491,32,255,255,255,0,812,7,125.620
2018-01-05T10:48:26.716,32,95,255,255,95,681,11,125.610
2018-01-05T10:48:34.422,32,95,255,255,95,2000,1,125.580
2018-01-05T10:48:44.116,32,95,255,255,95,600,1,125.540
2018-01-05T10:48:44.117,32,95,255,255,95,1043,7,125.540
2018-01-05T10:48:44.117,32,95,255,255,95,843,7,125.540
2018-01-05T10:48:56.155,32,255,255,255,0,810,57,125.5461
2018-01-05T10:49:20.964,32,255,255,255,0,800,1,125.520
2018-01-05T10:49:20.964,32,95,255,255,95,2000,1,125.520
2018-01-05T10:49:20.964,32,95,255,255,95,900,1,125.520
2018-01-05T10:49:20.964,32,95,255,255,95,771,1,125.520
2018-01-05T10:49:20.99,32,95,255,255,95,700,65,125.510
2018-01-05T10:49:20.991,32,255,255,255,0,1000,1,125.510
2018-01-05T10:49:20.992,32,255,255,255,0,1000,1,125.510
2018-01-05T10:49:24.848,32,95,255,255,95,800,9,125.510
2018-01-05T10:49:25.343,32,95,255,255,95,700,60,125.510
2018-01-05T10:49:25.343,32,95,255,255,95,700,65,125.510
2018-01-05T10:49:25.926,32,255,255,255,0,500,9,125.510
2018-01-05T10:49:34.108,32,95,255,255,95,600,1,125.5100
2018-01-05T10:49:35.422,32,255,255,255,0,1000,57,125.517
2018-01-05T10:49:38.399,32,95,255,255,95,2600,63,125.480
2018-01-05T10:49:38.399,32,95,255,255,95,700,1,125.480
2018-01-05T10:49:38.399,32,95,255,255,95,700,65,125.500
2018-01-05T10:49:38.399,32,95,255,255,95,500,63,125.470
2018-01-05T10:49:38.399,32,95,255,255,95,2600,64,125.480
2018-01-05T10:49:38.399,32,95,255,255,95,2500,63,125.460
2018-01-05T10:49:38.399,32,95,255,255,95,4600,64,125.470
2018-01-05T10:49:38.399,32,95,255,255,95,800,60,125.480
2018-01-05T10:49:38.399,32,95,255,255,95,500,7,125.480
2018-01-05T10:49:38.399,32,95,255,255,95,800,7,125.480
2018-01-05T10:49:38.401,32,255,255,255,0,600,1,125.480
2018-01-05T10:49:38.405,32,255,255,255,0,1753,1,125.470
2018-01-05T10:49:38.405,32,95,255,255,95,3147,1,125.470
2018-01-05T10:49:38.405,32,255,255,255,0,625,7,125.470
2018-01-05T10:49:38.405,32,255,255,255,0,544,7,125.470
2018-01-05T10:49:38.406,32,95,255,255,95,3396,7,125.470
2018-01-05T10:49:38.406,32,255,255,255,0,500,1,125.470
2018-01-05T10:49:38.442,32,255,255,255,0,500,11,125.460
2018-01-05T10:49:38.443,32,255,255,255,0,500,63,125.460
2018-01-05T10:49:38.598,32,255,255,255,0,600,1,125.470
2018-01-05T10:49:38.599,32,255,255,255,0,1988,1,125.470
2018-01-05T10:49:38.599,32,255,255,255,0,1250,1,125.470
2018-01-05T10:49:40.378,32,95,255,255,95,500,1,125.500
2018-01-05T10:49:43.632,32,95,255,255,95,600,1,125.500
2018-01-05T10:49:51.374,32,255,255,255,0,800,11,125.520
2018-01-05T10:49:57.083,32,95,255,255,95,1000,1,125.530
2018-01-05T10:50:04.132,32,95,255,255,95,500,65,125.530
2018-01-05T10:50:06.354,32,255,255,255,0,19879,57,125.520
2018-01-05T10:50:25.084,32,255,255,255,0,1100,57,125.5389
2018-01-05T10:50:25.084,32,255,255,255,0,800,57,125.5400
2018-01-05T10:50:25.084,32,255,255,255,0,600,57,125.5400
2018-01-05T10:50:41.657,32,255,255,255,0,1665,1,125.520
2018-01-05T10:50:54.168,32,255,255,255,0,600,57,125.510
2018-01-05T10:51:00.555,32,95,255,255,95,1000,65,125.510
2018-01-05T10:51:05.517,32,95,255,255,95,3600,1,125.500
2018-01-05T10:51:05.517,32,95,255,255,95,3533,60,125.500
2018-01-05T10:51:05.517,32,95,255,255,95,1000,65,125.500
2018-01-05T10:51:05.517,32,95,255,255,95,6066,65,125.500
2018-01-05T10:51:10.13,32,255,255,255,0,2390,1,125.500
2018-01-05T10:51:10.13,32,255,255,255,0,2490,65,125.500
2018-01-05T10:51:10.13,32,255,255,255,0,2200,7,125.500
2018-01-05T10:51:24.942,32,255,255,255,0,800,7,125.4900
2018-01-05T10:51:40.741,32,95,255,255,95,677,1,125.480
2018-01-05T10:51:40.742,32,95,255,255,95,700,60,125.480
2018-01-05T10:51:40.75,32,255,255,255,0,930,1,125.470
2018-01-05T10:51:40.75,32,255,255,255,0,1074,1,125.470
2018-01-05T10:51:40.75,32,95,255,255,95,2996,1,125.470
2018-01-05T10:51:40.75,32,255,255,255,0,4266,7,125.470
2018-01-05T10:51:40.75,32,255,255,255,0,507,7,125.470
2018-01-05T10:51:40.75,32,95,255,255,95,2822,1,125.460
2018-01-05T10:51:40.751,32,95,255,255,95,724,60,125.460
2018-01-05T10:51:40.751,32,255,255,255,0,1078,1,125.460
2018-01-05T10:51:40.751,32,95,255,255,95,1000,7,125.460
2018-01-05T10:51:41.084,32,95,255,255,95,800,1,125.450
2018-01-05T10:51:43.087,32,255,255,255,0,1476,1,125.460
2018-01-05T10:51:43.087,32,255,255,255,0,609,64,125.460
2018-01-05T10:51:43.546,32,255,255,255,0,700,11,125.470
2018-01-05T10:51:43.547,32,255,255,255,0,5040,1,125.470
2018-01-05T10:51:49.725,32,95,255,255,95,920,1,125.480
2018-01-05T10:51:49.725,32,95,255,255,95,1000,1,125.480
2018-01-05T10:52:04.348,32,95,255,255,95,1240,9,125.460
2018-01-05T10:52:04.348,32,95,255,255,95,700,1,125.450
2018-01-05T10:52:04.348,32,95,255,255,95,700,64,125.450
2018-01-05T10:52:04.348,32,95,255,255,95,700,60,125.450
2018-01-05T10:52:04.348,32,95,255,255,95,700,65,125.450
2018-01-05T10:52:04.349,32,95,255,255,95,700,7,125.450
2018-01-05T10:52:04.371,32,95,255,255,95,1300,1,125.450
2018-01-05T10:52:04.43,32,95,255,255,95,700,7,125.450
2018-01-05T10:52:04.433,32,95,255,255,95,700,7,125.450
2018-01-05T10:52:04.5,32,95,255,255,95,700,7,125.450
2018-01-05T10:52:04.525,32,95,255,255,95,500,1,125.450
2018-01-05T10:52:04.565,32,255,255,255,0,500,1,125.450
2018-01-05T10:52:04.565,32,95,255,255,95,500,1,125.450
2018-01-05T10:52:04.566,32,95,255,255,95,500,65,125.450
2018-01-05T10:52:04.569,32,95,255,255,95,600,1,125.450
2018-01-05T10:52:04.571,32,95,255,255,95,700,7,125.450
2018-01-05T10:52:04.623,32,95,255,255,95,1227,1,125.450
2018-01-05T10:52:04.831,32,95,255,255,95,660,65,125.450
2018-01-05T10:52:04.831,32,95,255,255,95,700,60,125.450
2018-01-05T10:52:04.922,32,95,255,255,95,700,65,125.450
2018-01-05T10:52:05.124,32,95,255,255,95,700,60,125.450
2018-01-05T10:52:05.214,32,95,255,255,95,700,1,125.450
2018-01-05T10:52:05.26,32,255,255,255,0,700,65,125.450
2018-01-05T10:52:05.26,32,255,255,255,0,700,60,125.450
2018-01-05T10:52:05.435,32,95,255,255,95,700,1,125.450
2018-01-05T10:52:08.397,32,95,255,255,95,600,1,125.450
2018-01-05T10:52:08.397,32,95,255,255,95,700,65,125.450
2018-01-05T10:52:16.458,32,108,255,255,108,48785,57,125.500
2018-01-05T10:52:16.779,32,95,255,255,95,500,7,125.450
2018-01-05T10:52:20.039,32,255,255,255,0,2100,11,125.450
2018-01-05T10:52:20.811,32,255,255,255,0,700,57,125.450
2018-01-05T10:52:20.812,32,255,255,255,0,600,57,125.450
2018-01-05T10:53:16.909,32,95,255,255,95,1000,65,125.450
2018-01-05T10:53:16.909,32,95,255,255,95,3100,65,125.440
2018-01-05T10:53:16.909,32,95,255,255,95,1270,60,125.440
2018-01-05T10:53:16.911,32,95,255,255,95,500,60,125.440
2018-01-05T10:53:16.911,32,255,255,255,0,4500,68,125.440
2018-01-05T10:53:16.919,32,95,255,255,95,700,60,125.445
2018-01-05T10:53:16.947,32,95,255,255,95,500,1,125.440
2018-01-05T10:54:00.346,32,255,255,255,0,500,65,125.420
2018-01-05T10:54:00.355,32,255,255,255,0,500,1,125.420
2018-01-05T10:54:00.357,32,255,255,255,0,900,1,125.420
2018-01-05T10:54:00.357,32,255,255,255,0,600,1,125.420
2018-01-05T10:54:30.313,32,255,255,255,0,518,1,125.430
2018-01-05T10:54:30.315,32,255,255,255,0,700,60,125.440
2018-01-05T10:54:30.315,32,255,255,255,0,700,64,125.440
2018-01-05T10:54:30.315,32,95,255,255,95,3600,1,125.440
2018-01-05T10:54:30.315,32,95,255,255,95,3900,1,125.440
2018-01-05T10:55:00.715,32,255,255,255,0,500,7,125.430
2018-01-05T10:55:31.05,32,255,255,255,0,573,1,125.440
2018-01-05T10:55:31.05,32,255,255,255,0,600,64,125.440
2018-01-05T10:55:31.05,32,255,255,255,0,615,60,125.440
2018-01-05T10:55:31.05,32,255,255,255,0,615,65,125.440
2018-01-05T10:55:31.05,32,255,255,255,0,607,7,125.440
2018-01-05T10:55:42.203,32,255,255,255,0,500,57,125.4475
2018-01-05T10:55:46.354,32,95,255,255,95,1000,63,125.450
2018-01-05T10:55:46.354,32,95,255,255,95,700,60,125.450
2018-01-05T10:55:46.354,32,95,255,255,95,1000,60,125.450
2018-01-05T10:55:46.354,32,95,255,255,95,1000,7,125.450
2018-01-05T10:56:06.676,32,255,255,255,0,600,7,125.440
2018-01-05T10:56:09.954,32,95,255,255,95,700,1,125.460
2018-01-05T10:56:09.954,32,95,255,255,95,700,60,125.460
2018-01-05T10:56:09.954,32,95,255,255,95,700,65,125.460
2018-01-05T10:56:09.954,32,95,255,255,95,700,7,125.460
2018-01-05T10:56:09.96,32,95,255,255,95,700,1,125.460
2018-01-05T10:56:09.96,32,95,255,255,95,700,7,125.460
2018-01-05T10:56:14.967,32,255,255,255,0,5556,65,125.460
2018-01-05T10:57:14.428,32,255,255,255,0,600,7,125.460
2018-01-05T10:57:34.142,32,255,255,255,0,600,63,125.450
2018-01-05T10:57:39.079,32,255,255,255,0,1300,11,125.430
2018-01-05T10:57:39.079,32,255,255,255,0,700,1,125.430
2018-01-05T10:57:39.079,32,255,255,255,0,933,1,125.430
2018-01-05T10:57:39.079,32,255,255,255,0,1823,1,125.430
2018-01-05T10:57:39.079,32,255,255,255,0,2980,1,125.430
2018-01-05T10:57:39.08,32,255,255,255,0,682,1,125.430
2018-01-05T10:57:39.08,32,255,255,255,0,3303,1,125.430
2018-01-05T10:58:13.326,32,255,255,255,0,700,64,125.470
2018-01-05T10:58:13.336,32,255,255,255,0,700,57,125.470
2018-01-05T10:58:13.337,32,255,255,255,0,700,57,125.470
2018-01-05T10:58:13.342,32,255,255,255,0,700,57,125.470
2018-01-05T10:58:15.1,32,255,255,255,0,900,57,125.4682
2018-01-05T10:58:15.211,32,255,255,255,0,500,1,125.470
2018-01-05T10:58:20.771,32,255,255,255,0,800,57,125.4682
2018-01-05T10:58:20.797,32,255,255,255,0,1500,57,125.4682
2018-01-05T10:58:20.898,32,255,255,255,0,700,57,125.4700
2018-01-05T10:59:12.493,32,95,255,255,95,800,1,125.465
2018-01-05T10:59:12.493,32,95,255,255,95,500,11,125.440
2018-01-05T10:59:12.493,32,95,255,255,95,2400,11,125.440
2018-01-05T10:59:12.493,32,95,255,255,95,2600,1,125.440
2018-01-05T10:59:12.494,32,95,255,255,95,500,63,125.440
2018-01-05T10:59:12.494,32,95,255,255,95,700,64,125.450
2018-01-05T10:59:12.494,32,95,255,255,95,3600,64,125.440
2018-01-05T10:59:12.494,32,95,255,255,95,700,60,125.450
2018-01-05T10:59:12.494,32,95,255,255,95,3100,65,125.440
2018-01-05T10:59:12.494,32,95,255,255,95,700,7,125.450
2018-01-05T10:59:12.494,32,95,255,255,95,3100,60,125.440
2018-01-05T10:59:12.494,32,95,255,255,95,2700,7,125.440
2018-01-05T10:59:12.495,32,95,255,255,95,600,7,125.450
2018-01-05T10:59:12.495,32,255,255,255,0,690,1,125.440
2018-01-05T10:59:12.495,32,95,255,255,95,1631,1,125.440
2018-01-05T10:59:12.495,32,255,255,255,0,733,60,125.440
2018-01-05T10:59:12.496,32,95,255,255,95,1000,7,125.440
2018-01-05T10:59:12.496,32,95,255,255,95,5000,7,125.440
2018-01-05T10:59:12.5,32,95,255,255,95,700,1,125.410
2018-01-05T10:59:12.5,32,95,255,255,95,565,1,125.410
2018-01-05T10:59:12.508,32,255,255,255,0,1135,1,125.420
2018-01-05T10:59:12.605,32,95,255,255,95,700,60,125.430
2018-01-05T10:59:12.607,32,255,255,255,0,600,7,125.430
2018-01-05T10:59:13.077,32,95,255,255,95,500,64,125.460
2018-01-05T10:59:17.495,32,255,255,255,0,500,65,125.460
2018-01-05T10:59:19.033,32,255,255,255,0,2200,63,125.470
2018-01-05T10:59:19.699,32,255,255,255,0,2600,63,125.470
2018-01-05T10:59:20.656,32,255,255,255,0,700,63,125.470
2018-01-05T10:59:20.665,32,255,255,255,0,1900,63,125.470
2018-01-05T10:59:20.669,32,255,255,255,0,1100,1,125.475
2018-01-05T10:59:20.669,32,95,255,255,95,600,9,125.470
2018-01-05T10:59:20.669,32,255,255,255,0,500,60,125.470
2018-01-05T10:59:20.67,32,255,255,255,0,1000,1,125.475
2018-01-05T10:59:20.674,32,95,255,255,95,700,1,125.475
2018-01-05T10:59:20.895,32,255,255,255,0,788,1,125.470
2018-01-05T10:59:20.895,32,255,255,255,0,1012,1,125.470
2018-01-05T10:59:22.146,32,255,255,255,0,2600,63,125.470
2018-01-05T10:59:36.509,32,255,255,255,0,7200,57,125.470
2018-01-05T10:59:40.652,32,255,255,255,0,5200,1,125.4650
2018-01-05T10:59:50.029,32,255,255,255,0,500,1,125.465
2018-01-05T10:59:50.123,32,95,255,255,95,800,64,125.460
2018-01-05T10:59:54.238,32,255,255,255,0,645,1,125.450
2018-01-05T10:59:54.238,32,255,255,255,0,655,1,125.450
2018-01-05T10:59:59.43,32,255,255,255,0,5000,57,125.450
2018-01-05T11:00:10.452,32,95,255,255,95,901,11,125.450
2018-01-05T11:00:12.909,32,255,255,255,0,2100,7,125.450
2018-01-05T11:00:12.911,32,255,255,255,0,631,60,125.460
2018-01-05T11:00:13.064,32,95,255,255,95,700,1,125.460
2018-01-05T11:00:13.064,32,95,255,255,95,1000,1,125.460
2018-01-05T11:00:13.064,32,95,255,255,95,800,60,125.460
2018-01-05T11:00:13.066,32,255,255,255,0,700,7,125.460
2018-01-05T11:00:13.066,32,255,255,255,0,700,57,125.460
2018-01-05T11:00:13.08,32,95,255,255,95,700,1,125.460
2018-01-05T11:00:18.71,32,95,255,255,95,761,11,125.450
2018-01-05T11:00:18.71,32,255,255,255,0,600,65,125.450
2018-01-05T11:00:18.71,32,95,255,255,95,700,7,125.450
2018-01-05T11:00:45.423,32,255,255,255,0,700,64,125.410
2018-01-05T11:00:53.283,32,95,255,255,95,2201,1,125.420
2018-01-05T11:00:53.284,32,95,255,255,95,2600,60,125.420
2018-01-05T11:00:53.284,32,95,255,255,95,2100,60,125.420
2018-01-05T11:00:53.284,32,255,255,255,0,563,1,125.420
2018-01-05T11:00:53.284,32,95,255,255,95,966,65,125.420
2018-01-05T11:00:53.284,32,255,255,255,0,576,65,125.420
2018-01-05T11:00:53.285,32,255,255,255,0,1415,1,125.420
2018-01-05T11:00:53.285,32,255,255,255,0,1022,1,125.420
2018-01-05T11:00:53.285,32,255,255,255,0,1415,65,125.420
2018-01-05T11:00:53.285,32,255,255,255,0,530,1,125.420
2018-01-05T11:00:53.285,32,255,255,255,0,1415,7,125.415
2018-01-05T11:00:53.285,32,255,255,255,0,807,68,125.420
2018-01-05T11:00:53.286,32,255,255,255,0,1527,7,125.415
2018-01-05T11:00:53.286,32,255,255,255,0,1600,7,125.420
2018-01-05T11:00:53.287,32,255,255,255,0,600,1,125.420
2018-01-05T11:00:53.287,32,255,255,255,0,600,1,125.420
2018-01-05T11:00:53.288,32,255,255,255,0,900,68,125.420
2018-01-05T11:00:53.289,32,95,255,255,95,600,1,125.420
2018-01-05T11:00:53.301,32,95,255,255,95,700,1,125.430
2018-01-05T11:00:53.301,32,95,255,255,95,1300,1,125.430
2018-01-05T11:00:53.301,32,95,255,255,95,1300,60,125.430
2018-01-05T11:00:53.417,32,95,255,255,95,700,60,125.440
2018-01-05T11:01:40.323,32,255,255,255,0,570,1,125.430
2018-01-05T11:01:40.323,32,255,255,255,0,4487,1,125.430
2018-01-05T11:01:40.323,32,255,255,255,0,820,1,125.430
2018-01-05T11:01:42.625,32,255,255,255,0,900,63,125.440
2018-01-05T11:02:02.891,32,255,255,255,0,600,9,125.450
2018-01-05T11:02:02.893,32,95,255,255,95,700,1,125.460
2018-01-05T11:02:02.893,32,95,255,255,95,700,60,125.460
2018-01-05T11:02:02.893,32,255,255,255,0,700,7,125.460
2018-01-05T11:02:02.91,32,95,255,255,95,600,7,125.470
2018-01-05T11:02:02.913,32,255,255,255,0,500,1,125.470
2018-01-05T11:02:02.913,32,255,255,255,0,500,65,125.470
2018-01-05T11:02:04.498,32,95,255,255,95,700,1,125.460
2018-01-05T11:02:04.498,32,95,255,255,95,500,1,125.460
2018-01-05T11:02:26.297,32,255,255,255,0,1012,11,125.440
2018-01-05T11:02:30.861,32,95,255,255,95,700,60,125.440
2018-01-05T11:02:30.861,32,95,255,255,95,700,64,125.430
2018-01-05T11:02:30.861,32,95,255,255,95,700,65,125.430
2018-01-05T11:02:30.861,32,95,255,255,95,800,65,125.430
2018-01-05T11:02:30.861,32,95,255,255,95,700,7,125.440
2018-01-05T11:02:30.865,32,95,255,255,95,700,65,125.420
2018-01-05T11:02:30.866,32,95,255,255,95,1042,9,125.420
2018-01-05T11:02:36.025,32,255,255,255,0,800,11,125.400
2018-01-05T11:02:53.1,32,255,255,255,0,5000,57,125.390
2018-01-05T11:02:54.347,32,255,255,255,0,573,1,125.400
2018-01-05T11:02:54.347,32,95,255,255,95,700,1,125.400
2018-01-05T11:03:06.361,32,255,255,255,0,1500,59,125.400
2018-01-05T11:03:13.369,32,255,255,255,0,1000,57,125.400
2018-01-05T11:03:24.502,32,95,255,255,95,577,1,125.400
2018-01-05T11:03:34.819,32,255,255,255,0,5000,57,125.431
2018-01-05T11:03:35.678,32,255,255,255,0,500,57,125.442
2018-01-05T11:03:52.62,32,95,255,255,95,8628,1,125.490
2018-01-05T11:03:52.62,32,95,255,255,95,700,1,125.490
2018-01-05T11:04:48.338,32,255,255,255,0,5000,57,125.500
2018-01-05T11:05:43.678,32,255,255,255,0,2020,1,125.520
2018-01-05T11:06:53.301,32,255,255,255,0,900,11,125.510
2018-01-05T11:07:47.341,32,255,255,255,0,800,1,125.500
2018-01-05T11:07:47.341,32,255,255,255,0,500,1,125.500
2018-01-05T11:07:48.608,32,255,255,255,0,800,11,125.510
2018-01-05T11:07:49.687,32,255,255,255,0,800,11,125.510
2018-01-05T11:07:55.872,32,255,255,255,0,700,1,125.530
2018-01-05T11:07:55.872,32,255,255,255,0,700,7,125.530
2018-01-05T11:07:55.968,32,255,255,255,0,500,1,125.540
2018-01-05T11:07:55.969,32,255,255,255,0,700,7,125.540
2018-01-05T11:08:21.947,32,255,255,255,0,3900,68,125.520
2018-01-05T11:09:29.509,32,255,255,255,0,5000,57,125.5179
2018-01-05T11:09:47.431,32,255,255,255,0,552,57,125.5252
2018-01-05T11:10:18.29,32,255,255,255,0,526,57,125.540
2018-01-05T11:10:18.831,32,95,255,255,95,700,65,125.550
2018-01-05T11:10:18.831,32,95,255,255,95,700,7,125.550
2018-01-05T11:10:27.432,32,95,255,255,95,700,1,125.550
2018-01-05T11:10:27.433,32,95,255,255,95,700,60,125.550
2018-01-05T11:11:20.548,32,95,255,255,95,700,1,125.530
2018-01-05T11:11:20.549,32,95,255,255,95,700,60,125.530
2018-01-05T11:11:20.549,32,95,255,255,95,2600,64,125.530
2018-01-05T11:11:20.549,32,95,255,255,95,700,65,125.530
2018-01-05T11:11:20.549,32,95,255,255,95,780,63,125.540
2018-01-05T11:11:20.549,32,95,255,255,95,700,7,125.540
2018-01-05T11:11:20.55,32,255,255,255,0,700,60,125.540
2018-01-05T11:11:20.55,32,255,255,255,0,700,64,125.540
2018-01-05T11:11:20.556,32,255,255,255,0,1000,11,125.550
2018-01-05T11:13:35.128,32,95,255,255,95,700,7,125.550
2018-01-05T11:13:35.128,32,95,255,255,95,500,1,125.550
2018-01-05T11:13:37.735,32,95,255,255,95,600,1,125.550
2018-01-05T11:13:37.735,32,95,255,255,95,2000,60,125.550
2018-01-05T11:13:37.736,32,255,255,255,0,600,1,125.550
2018-01-05T11:13:37.736,32,255,255,255,0,500,57,125.550
2018-01-05T11:13:37.736,32,95,255,255,95,600,1,125.550
2018-01-05T11:13:37.737,32,255,255,255,0,600,60,125.550
2018-01-05T11:13:37.737,32,255,255,255,0,600,65,125.550
2018-01-05T11:13:37.738,32,255,255,255,0,3323,57,125.549
2018-01-05T11:13:37.738,32,95,255,255,95,3113,1,125.550
2018-01-05T11:13:37.738,32,255,255,255,0,500,57,125.550
2018-01-05T11:13:37.74,32,255,255,255,0,2800,57,125.550
2018-01-05T11:14:46.658,32,255,255,255,0,1300,11,125.560
2018-01-05T11:14:46.658,32,255,255,255,0,2600,63,125.560
2018-01-05T11:14:46.659,32,255,255,255,0,700,65,125.560
2018-01-05T11:15:30.38,32,255,255,255,0,544,11,125.530
2018-01-05T11:15:39.052,32,255,255,255,0,1183,57,125.539
2018-01-05T11:16:22.057,32,255,255,255,0,3900,1,125.500
2018-01-05T11:16:22.099,32,255,255,255,0,658,64,125.490
2018-01-05T11:16:22.276,32,95,255,255,95,500,60,125.490
2018-01-05T11:16:25.535,32,255,255,255,0,500,1,125.490
2018-01-05T11:16:50.05,32,95,255,255,95,500,7,125.500
2018-01-05T11:16:56.055,32,95,255,255,95,930,1,125.480
2018-01-05T11:16:56.055,32,255,255,255,0,671,60,125.480
2018-01-05T11:17:20.376,32,95,255,255,95,800,7,125.460
2018-01-05T11:17:26.212,32,95,255,255,95,602,7,125.470
2018-01-05T11:18:27.73,32,255,255,255,0,602,11,125.440
2018-01-05T11:19:10.198,32,255,255,255,0,500,64,125.440
2018-01-05T11:19:49.107,32,255,255,255,0,700,64,125.420
2018-01-05T11:19:58.879,32,255,255,255,0,957,1,125.410
2018-01-05T11:19:58.879,32,255,255,255,0,1300,65,125.410
2018-01-05T11:19:58.879,32,255,255,255,0,2600,60,125.410
2018-01-05T11:19:58.88,32,255,255,255,0,1300,7,125.410
2018-01-05T11:19:58.916,32,255,255,255,0,700,64,125.420
2018-01-05T11:19:58.917,32,255,255,255,0,700,60,125.420
2018-01-05T11:19:58.917,32,255,255,255,0,947,60,125.420
2018-01-05T11:19:58.917,32,255,255,255,0,700,65,125.420
2018-01-05T11:19:58.917,32,255,255,255,0,547,1,125.420
2018-01-05T11:19:58.917,32,95,255,255,95,1300,1,125.420
2018-01-05T11:19:58.917,32,95,255,255,95,910,1,125.420
2018-01-05T11:19:58.917,32,255,255,255,0,610,7,125.420
2018-01-05T11:19:58.936,32,255,255,255,0,4190,1,125.430
2018-01-05T11:19:58.936,32,255,255,255,0,1000,1,125.430
2018-01-05T11:19:58.977,32,255,255,255,0,512,1,125.430
2018-01-05T11:19:59.005,32,255,255,255,0,1512,1,125.430
2018-01-05T11:19:59.006,32,255,255,255,0,700,1,125.430
2018-01-05T11:19:59.02,32,95,255,255,95,1063,1,125.440
2018-01-05T11:19:59.162,32,255,255,255,0,500,1,125.430
2018-01-05T11:19:59.346,32,95,255,255,95,1000,1,125.420
2018-01-05T11:20:05.648,32,95,255,255,95,817,1,125.430
2018-01-05T11:20:20.489,32,255,255,255,0,832,60,125.450
2018-01-05T11:21:10.327,32,255,255,255,0,500,57,125.4389
2018-01-05T11:21:23.172,32,255,255,255,0,700,64,125.420
2018-01-05T11:21:23.173,32,255,255,255,0,700,65,125.420
2018-01-05T11:21:28.473,32,95,255,255,95,800,11,125.410
2018-01-05T11:21:30.254,32,255,255,255,0,634,7,125.410
2018-01-05T11:22:04.168,32,95,255,255,95,800,7,125.410
2018-01-05T11:22:10.715,32,255,255,255,0,924,57,125.4101
2018-01-05T11:22:28.062,32,255,255,255,0,711,1,125.420
2018-01-05T11:23:29.984,32,255,255,255,0,545,57,125.411
2018-01-05T11:23:46.971,32,255,255,255,0,1055,57,125.4124
2018-01-05T11:24:20.028,32,255,255,255,0,800,1,125.430
2018-01-05T11:24:20.304,32,255,255,255,0,500,57,125.4405
2018-01-05T11:24:29.251,32,255,255,255,0,622,11,125.4500
2018-01-05T11:24:29.614,32,255,255,255,0,500,7,125.450
2018-01-05T11:24:41.342,32,95,255,255,95,700,60,125.440
2018-01-05T11:24:41.342,32,95,255,255,95,824,1,125.440
2018-01-05T11:24:41.342,32,255,255,255,0,1307,1,125.440
2018-01-05T11:24:41.342,32,255,255,255,0,726,1,125.440
2018-01-05T11:24:41.342,32,255,255,255,0,948,1,125.440
2018-01-05T11:24:41.342,32,255,255,255,0,1539,1,125.440
2018-01-05T11:24:41.343,32,255,255,255,0,725,1,125.440
2018-01-05T11:25:53.85,32,255,255,255,0,837,57,125.4486
2018-01-05T11:26:05.663,32,255,255,255,0,603,57,125.4465
2018-01-05T11:26:05.735,32,255,255,255,0,2500,57,125.4483
2018-01-05T11:26:26.713,32,255,255,255,0,600,63,125.450
2018-01-05T11:26:34.599,32,95,255,255,95,700,1,125.440
2018-01-05T11:26:34.599,32,95,255,255,95,700,60,125.440
2018-01-05T11:27:08.558,32,255,255,255,0,1000,57,125.4388
2018-01-05T11:27:27.08,32,255,255,255,0,700,1,125.440
2018-01-05T11:27:42.197,32,255,255,255,0,617,63,125.450
2018-01-05T11:28:11.72,32,255,255,255,0,800,11,125.440
2018-01-05T11:29:24.802,32,255,255,255,0,715,57,125.4464
2018-01-05T11:29:42.411,32,255,255,255,0,800,11,125.4500
2018-01-05T11:30:35.143,32,95,255,255,95,500,1,125.460
2018-01-05T11:30:43.534,32,255,255,255,0,1600,1,125.460
2018-01-05T11:30:43.534,32,255,255,255,0,1500,60,125.460
2018-01-05T11:30:43.534,32,255,255,255,0,900,7,125.460
2018-01-05T11:30:43.534,32,255,255,255,0,1300,7,125.460
2018-01-05T11:30:43.539,32,255,255,255,0,1000,57,125.460
2018-01-05T11:30:43.541,32,255,255,255,0,700,57,125.460
2018-01-05T11:30:43.543,32,95,255,255,95,600,1,125.460
2018-01-05T11:30:43.543,32,95,255,255,95,700,60,125.460
2018-01-05T11:30:44.06,32,95,255,255,95,500,64,125.450
2018-01-05T11:30:49.078,32,255,255,255,0,700,57,125.460
2018-01-05T11:30:49.081,32,95,255,255,95,600,1,125.460
2018-01-05T11:30:49.081,32,95,255,255,95,600,1,125.460
2018-01-05T11:30:49.081,32,95,255,255,95,700,1,125.460
2018-01-05T11:30:49.081,32,95,255,255,95,700,60,125.460
2018-01-05T11:30:49.081,32,95,255,255,95,700,60,125.460
2018-01-05T11:30:49.081,32,95,255,255,95,700,7,125.460
2018-01-05T11:30:49.38,32,95,255,255,95,800,1,125.460
2018-01-05T11:30:49.38,32,95,255,255,95,700,1,125.460
2018-01-05T11:30:49.38,32,95,255,255,95,700,7,125.460
2018-01-05T11:31:05.047,32,255,255,255,0,600,11,125.470
2018-01-05T11:31:15.26,32,95,255,255,95,10000,1,125.500
2018-01-05T11:31:15.572,32,255,255,255,0,760,1,125.500
2018-01-05T11:31:15.572,32,255,255,255,0,959,60,125.500
2018-01-05T11:31:15.572,32,255,255,255,0,998,65,125.500
2018-01-05T11:31:16.647,32,255,255,255,0,736,57,125.5001
2018-01-05T11:31:37.516,32,95,255,255,95,3500,1,125.510
2018-01-05T11:31:37.516,32,255,255,255,0,1400,60,125.510
2018-01-05T11:31:37.566,32,255,255,255,0,995,57,125.5301
2018-01-05T11:31:38.978,32,255,255,255,0,750,57,125.5201
2018-01-05T11:32:05.352,32,255,255,255,0,812,64,125.520
2018-01-05T11:32:05.352,32,255,255,255,0,2316,64,125.520
2018-01-05T11:32:05.352,32,255,255,255,0,1512,64,125.520
2018-01-05T11:32:05.353,32,95,255,255,95,640,64,125.520
2018-01-05T11:32:05.36,32,95,255,255,95,2102,1,125.520
2018-01-05T11:32:05.36,32,95,255,255,95,1038,1,125.520
2018-01-05T11:32:05.361,32,95,255,255,95,1199,60,125.525
2018-01-05T11:32:05.361,32,95,255,255,95,1200,64,125.520
2018-01-05T11:32:05.366,32,255,255,255,0,500,63,125.510
2018-01-05T11:32:05.377,32,255,255,255,0,1100,57,125.510
2018-01-05T11:32:49.505,32,255,255,255,0,1200,64,125.490
2018-01-05T11:32:51.606,32,95,255,255,95,574,11,125.490
2018-01-05T11:33:05.767,32,255,255,255,0,2600,64,125.460
2018-01-05T11:33:05.769,32,95,255,255,95,700,9,125.470
2018-01-05T11:33:05.77,32,95,255,255,95,700,65,125.470
2018-01-05T11:33:16.537,32,255,255,255,0,700,7,125.480
2018-01-05T11:33:41.396,32,255,255,255,0,3700,57,125.4820
2018-01-05T11:34:11.868,32,255,255,255,0,700,63,125.480
2018-01-05T11:34:33.13,32,255,255,255,0,600,7,125.480
2018-01-05T11:34:46.819,32,255,255,255,0,1364,1,125.490
2018-01-05T11:34:46.819,32,255,255,255,0,1226,1,125.490
2018-01-05T11:36:00.639,32,255,255,255,0,1400,57,125.490
2018-01-05T11:36:00.653,32,255,255,255,0,2300,57,125.490
2018-01-05T11:36:00.672,32,255,255,255,0,630,11,125.490
2018-01-05T11:36:26.716,32,255,255,255,0,612,7,125.490
2018-01-05T11:36:26.725,32,95,255,255,95,700,64,125.500
2018-01-05T11:36:26.727,32,255,255,255,0,700,64,125.510
2018-01-05T11:38:09.131,32,95,255,255,95,500,1,125.490
2018-01-05T11:38:09.131,32,95,255,255,95,500,1,125.490
2018-01-05T11:38:09.132,32,95,255,255,95,500,65,125.490
2018-01-05T11:38:09.132,32,95,255,255,95,700,7,125.490
2018-01-05T11:38:26.072,32,255,255,255,0,647,11,125.500
2018-01-05T11:38:37.062,32,95,255,255,95,700,64,125.510
2018-01-05T11:39:13.78,32,255,255,255,0,900,9,125.510
2018-01-05T11:39:53.403,32,95,255,255,95,600,1,125.510
2018-01-05T11:41:04.336,32,255,255,255,0,1500,57,125.5100
2018-01-05T11:41:40.859,32,255,255,255,0,600,68,125.500
2018-01-05T11:42:48.439,32,255,255,255,0,2000,57,125.5294
2018-01-05T11:42:58.426,32,255,255,255,0,900,7,125.520
2018-01-05T11:43:14.749,32,124,255,4,124,45000,17,125.450
2018-01-05T11:44:20.491,32,255,255,255,0,900,7,125.530
2018-01-05T11:46:02.197,32,255,255,255,0,700,11,125.540
2018-01-05T11:47:53.455,32,255,255,255,0,800,11,125.540
2018-01-05T11:50:35.223,32,95,255,255,95,600,1,125.560
2018-01-05T11:50:42.979,32,255,255,255,0,700,1,125.570
2018-01-05T11:50:42.979,32,255,255,255,0,700,60,125.570
2018-01-05T11:50:42.979,32,255,255,255,0,700,65,125.570
2018-01-05T11:50:42.979,32,255,255,255,0,700,7,125.570
2018-01-05T11:52:58.204,32,95,255,255,95,695,11,125.560
2018-01-05T11:53:52.513,32,255,255,255,0,900,1,125.555
2018-01-05T11:53:53.844,32,255,255,255,0,700,1,125.550
2018-01-05T11:54:02.34,32,255,255,255,0,500,68,125.550
2018-01-05T11:54:32.7,32,255,255,255,0,600,57,125.5293
2018-01-05T11:54:47.106,32,95,255,255,95,700,1,125.510
2018-01-05T11:54:47.107,32,95,255,255,95,700,60,125.510
2018-01-05T11:54:47.107,32,95,255,255,95,700,7,125.510
2018-01-05T11:54:53.476,32,255,255,255,0,900,11,125.510
2018-01-05T11:54:56.543,32,255,255,255,0,700,63,125.510
2018-01-05T11:55:24.909,32,95,255,255,95,700,1,125.510
2018-01-05T11:55:24.909,32,95,255,255,95,700,60,125.510
2018-01-05T11:55:24.909,32,95,255,255,95,700,7,125.510
2018-01-05T11:55:24.909,32,95,255,255,95,700,7,125.510
2018-01-05T11:55:24.91,32,255,255,255,0,500,1,125.500
2018-01-05T11:55:38.155,32,255,255,255,0,1000,57,125.4911
2018-01-05T11:57:45.162,32,255,255,255,0,900,63,125.490
2018-01-05T11:57:45.162,32,255,255,255,0,662,65,125.490
2018-01-05T11:58:21.717,32,255,255,255,0,800,63,125.500
2018-01-05T11:59:47.625,32,255,255,255,0,682,11,125.500
2018-01-05T12:00:20.312,32,95,255,255,95,1600,1,125.450
2018-01-05T12:00:20.312,32,95,255,255,95,500,1,125.450
2018-01-05T12:00:20.313,32,95,255,255,95,1700,1,125.450
2018-01-05T12:00:20.321,32,95,255,255,95,2000,1,125.450
2018-01-05T12:00:20.321,32,95,255,255,95,1700,65,125.450
2018-01-05T12:00:20.321,32,95,255,255,95,1700,60,125.450
2018-01-05T12:00:20.367,32,95,255,255,95,1700,1,125.450
2018-01-05T12:00:23.367,32,255,255,255,0,2290,1,125.450
2018-01-05T12:00:23.367,32,255,255,255,0,2290,60,125.450
2018-01-05T12:00:23.367,32,255,255,255,0,2490,65,125.450
2018-01-05T12:00:23.367,32,255,255,255,0,2400,7,125.450
2018-01-05T12:00:25.367,32,255,255,255,0,1720,1,125.450
2018-01-05T12:00:25.367,32,255,255,255,0,1350,60,125.450
2018-01-05T12:00:25.367,32,255,255,255,0,1355,65,125.450
2018-01-05T12:00:25.368,32,255,255,255,0,1900,7,125.450
2018-01-05T12:00:25.37,32,255,255,255,0,500,57,125.450
2018-01-05T12:00:25.801,32,95,255,255,95,504,1,125.450
2018-01-05T12:00:25.801,32,95,255,255,95,2460,1,125.450
2018-01-05T12:00:25.801,32,95,255,255,95,1000,1,125.450
2018-01-05T12:00:25.802,32,95,255,255,95,528,63,125.450
2018-01-05T12:00:25.802,32,255,255,255,0,528,63,125.450
2018-01-05T12:00:25.802,32,255,255,255,0,700,7,125.450
2018-01-05T12:00:28.229,32,95,255,255,95,700,1,125.460
2018-01-05T12:00:28.229,32,95,255,255,95,500,1,125.460
2018-01-05T12:00:28.229,32,255,255,255,0,500,63,125.460
2018-01-05T12:00:28.23,32,95,255,255,95,700,64,125.460
2018-01-05T12:00:28.23,32,95,255,255,95,700,7,125.460
2018-01-05T12:00:28.232,32,255,255,255,0,700,57,125.460
2018-01-05T12:00:28.385,32,255,255,255,0,700,57,125.460
2018-01-05T12:00:28.399,32,95,255,255,95,1600,1,125.470
2018-01-05T12:00:30.368,32,255,255,255,0,800,7,125.500
2018-01-05T12:00:31.307,32,255,255,255,0,728,64,125.500
2018-01-05T12:00:31.307,32,255,255,255,0,1456,60,125.500
2018-01-05T12:00:31.307,32,255,255,255,0,1300,65,125.500
2018-01-05T12:00:49.322,32,255,255,255,0,901,64,125.470
2018-01-05T12:00:50.88,32,255,255,255,0,1012,1,125.450
2018-01-05T12:00:55.012,32,255,255,255,0,703,1,125.440
2018-01-05T12:00:55.012,32,255,255,255,0,2500,1,125.440
2018-01-05T12:00:55.012,32,255,255,255,0,3146,1,125.440
2018-01-05T12:00:55.012,32,255,255,255,0,1002,1,125.440
2018-01-05T12:00:55.013,32,255,255,255,0,555,1,125.440
2018-01-05T12:01:11.885,32,255,255,255,0,528,64,125.430
2018-01-05T12:01:21.746,32,255,255,255,0,700,11,125.440
2018-01-05T12:01:37.317,32,95,255,255,95,780,63,125.430
2018-01-05T12:01:39.724,32,255,255,255,0,747,57,125.4300
2018-01-05T12:01:52.832,32,255,255,255,0,700,7,125.440
2018-01-05T12:02:11.491,32,255,255,255,0,800,1,125.450
2018-01-05T12:02:28.765,32,255,255,255,0,700,7,125.480
2018-01-05T12:02:38.825,32,255,255,255,0,3960,1,125.480
2018-01-05T12:02:56.916,32,255,255,255,0,1229,1,125.480
2018-01-05T12:02:56.916,32,255,255,255,0,700,65,125.480
2018-01-05T12:04:10.762,32,95,255,255,95,3900,1,125.450
2018-01-05T12:04:10.786,32,95,255,255,95,700,1,125.440
2018-01-05T12:04:10.786,32,95,255,255,95,700,64,125.440
2018-01-05T12:04:10.787,32,95,255,255,95,700,65,125.440
2018-01-05T12:04:10.795,32,95,255,255,95,716,1,125.440
2018-01-05T12:04:10.796,32,95,255,255,95,640,60,125.440
2018-01-05T12:04:10.801,32,95,255,255,95,594,60,125.440
2018-01-05T12:04:10.801,32,95,255,255,95,500,1,125.430
2018-01-05T12:04:10.813,32,255,255,255,0,500,11,125.430
2018-01-05T12:04:10.817,32,95,255,255,95,800,60,125.430
2018-01-05T12:04:10.817,32,95,255,255,95,1000,7,125.430
2018-01-05T12:04:10.817,32,255,255,255,0,1300,60,125.430
2018-01-05T12:04:10.818,32,95,255,255,95,518,60,125.430
2018-01-05T12:04:10.819,32,95,255,255,95,500,65,125.430
2018-01-05T12:04:10.82,32,95,255,255,95,800,1,125.430
2018-01-05T12:04:10.825,32,95,255,255,95,500,7,125.430
2018-01-05T12:04:10.828,32,255,255,255,0,1900,57,125.430
2018-01-05T12:04:10.83,32,255,255,255,0,1900,57,125.4325
2018-01-05T12:04:10.83,32,255,255,255,0,1900,57,125.4350
2018-01-05T12:04:10.831,32,255,255,255,0,1900,57,125.430
2018-01-05T12:04:10.835,32,255,255,255,0,1900,57,125.435
2018-01-05T12:04:11.303,32,95,255,255,95,700,1,125.430
2018-01-05T12:04:11.303,32,95,255,255,95,1000,1,125.430
2018-01-05T12:04:11.305,32,95,255,255,95,500,7,125.430
2018-01-05T12:04:11.308,32,95,255,255,95,600,7,125.430
2018-01-05T12:04:11.507,32,255,255,255,0,500,1,125.430
2018-01-05T12:04:11.507,32,255,255,255,0,500,60,125.430
2018-01-05T12:04:11.507,32,255,255,255,0,500,65,125.430
2018-01-05T12:04:11.507,32,255,255,255,0,500,7,125.430
2018-01-05T12:04:11.509,32,95,255,255,95,1000,63,125.430
2018-01-05T12:04:11.51,32,95,255,255,95,900,60,125.430
2018-01-05T12:04:11.511,32,95,255,255,95,1000,7,125.430
2018-01-05T12:04:11.512,32,95,255,255,95,800,7,125.430
2018-01-05T12:04:11.515,32,95,255,255,95,1000,1,125.430
2018-01-05T12:04:11.517,32,95,255,255,95,500,1,125.430
2018-01-05T12:04:11.518,32,255,255,255,0,500,7,125.430
2018-01-05T12:04:18.152,32,95,255,255,95,700,60,125.440
2018-01-05T12:04:18.152,32,95,255,255,95,2400,60,125.440
2018-01-05T12:04:18.153,32,95,255,255,95,3000,1,125.440
2018-01-05T12:04:18.153,32,95,255,255,95,698,65,125.440
2018-01-05T12:04:18.153,32,95,255,255,95,3200,65,125.440
2018-01-05T12:04:18.153,32,255,255,255,0,1496,64,125.440
2018-01-05T12:04:18.153,32,255,255,255,0,700,7,125.440
2018-01-05T12:04:18.153,32,255,255,255,0,2500,7,125.440
2018-01-05T12:04:19.983,32,255,255,255,0,500,60,125.440
2018-01-05T12:04:30.845,32,255,255,255,0,500,59,125.436
2018-01-05T12:04:34.064,32,255,255,255,0,800,63,125.440
2018-01-05T12:04:34.064,32,255,255,255,0,1100,63,125.440
2018-01-05T12:04:34.064,32,255,255,255,0,500,63,125.440
2018-01-05T12:04:34.066,32,95,255,255,95,1112,65,125.440
2018-01-05T12:04:34.067,32,255,255,255,0,910,1,125.450
2018-01-05T12:05:26.997,32,95,255,255,95,700,11,125.450
2018-01-05T12:07:39.961,32,255,255,255,0,673,1,125.440
2018-01-05T12:07:39.961,32,95,255,255,95,1020,1,125.440
2018-01-05T12:07:39.961,32,95,255,255,95,1123,1,125.440
2018-01-05T12:07:39.961,32,255,255,255,0,1734,1,125.440
2018-01-05T12:07:39.961,32,255,255,255,0,873,60,125.440
2018-01-05T12:07:39.972,32,255,255,255,0,600,63,125.440
2018-01-05T12:07:45.158,32,255,255,255,0,800,11,125.450
2018-01-05T12:07:45.158,32,255,255,255,0,500,1,125.450
2018-01-05T12:08:55.679,32,95,255,255,95,740,11,125.460
2018-01-05T12:08:55.685,32,95,255,255,95,2565,64,125.470
2018-01-05T12:08:56.11,32,95,255,255,95,500,1,125.470
2018-01-05T12:08:56.11,32,255,255,255,0,800,57,125.470
2018-01-05T12:08:56.113,32,255,255,255,0,1200,57,125.475
2018-01-05T12:09:21.144,32,255,255,255,0,900,63,125.480
2018-01-05T12:10:01.254,32,95,255,255,95,800,64,125.490
2018-01-05T12:10:02.923,32,95,255,255,95,700,1,125.490
2018-01-05T12:10:04.191,32,95,255,255,95,800,11,125.500
2018-01-05T12:10:24.157,32,255,255,255,0,600,1,125.490
2018-01-05T12:11:39.255,32,95,255,255,95,5040,1,125.470
2018-01-05T12:11:39.265,32,255,255,255,0,700,7,125.460
2018-01-05T12:11:39.265,32,255,255,255,0,625,7,125.460
2018-01-05T12:13:21.209,32,255,255,255,0,500,1,125.430
2018-01-05T12:13:21.209,32,255,255,255,0,500,65,125.430
2018-01-05T12:13:21.209,32,255,255,255,0,500,7,125.430
2018-01-05T12:13:22.689,32,255,255,255,0,500,1,125.430
2018-01-05T12:13:22.69,32,255,255,255,0,500,65,125.430
2018-01-05T12:13:22.69,32,255,255,255,0,500,7,125.430
2018-01-05T12:13:27.738,32,255,255,255,0,1100,11,125.430
2018-01-05T12:13:27.738,32,255,255,255,0,1100,63,125.430
2018-01-05T12:13:27.738,32,255,255,255,0,700,1,125.430
2018-01-05T12:13:27.738,32,255,255,255,0,1000,1,125.430
2018-01-05T12:13:36.281,32,95,255,255,95,700,7,125.420
2018-01-05T12:13:38.274,32,255,255,255,0,1400,11,125.420
2018-01-05T12:13:38.274,32,255,255,255,0,1040,63,125.420
2018-01-05T12:14:41.314,32,95,255,255,95,900,63,125.430
2018-01-05T12:14:41.314,32,95,255,255,95,600,63,125.430
2018-01-05T12:14:41.315,32,95,255,255,95,700,1,125.430
2018-01-05T12:14:41.315,32,95,255,255,95,700,1,125.430
2018-01-05T12:14:41.315,32,95,255,255,95,700,60,125.430
2018-01-05T12:14:41.315,32,95,255,255,95,1000,60,125.430
2018-01-05T12:15:33.039,32,95,255,255,95,1000,11,125.430
2018-01-05T12:16:02.461,32,255,255,255,0,500,7,125.420
2018-01-05T12:16:02.462,32,255,255,255,0,800,63,125.420
2018-01-05T12:16:02.462,32,255,255,255,0,500,64,125.420
2018-01-05T12:16:02.834,32,95,255,255,95,973,1,125.420
2018-01-05T12:16:02.834,32,95,255,255,95,640,11,125.420
2018-01-05T12:16:02.834,32,95,255,255,95,572,65,125.420
2018-01-05T12:16:02.835,32,95,255,255,95,500,7,125.420
2018-01-05T12:16:02.851,32,255,255,255,0,800,1,125.410
2018-01-05T12:16:02.852,32,255,255,255,0,800,65,125.405
2018-01-05T12:16:02.86,32,255,255,255,0,1382,1,125.400
2018-01-05T12:16:02.86,32,255,255,255,0,1382,1,125.400
2018-01-05T12:16:02.86,32,255,255,255,0,1382,1,125.400
2018-01-05T12:16:02.87,32,255,255,255,0,1100,57,125.390
2018-01-05T12:16:02.916,32,255,255,255,0,700,64,125.390
2018-01-05T12:16:19.77,32,95,255,255,95,1280,64,125.395
2018-01-05T12:16:19.77,32,95,255,255,95,800,64,125.400
2018-01-05T12:16:19.77,32,95,255,255,95,1280,64,125.400
2018-01-05T12:16:19.77,32,95,255,255,95,640,64,125.400
2018-01-05T12:16:19.77,32,95,255,255,95,660,64,125.400
2018-01-05T12:16:48.909,32,95,255,255,95,700,1,125.390
2018-01-05T12:16:48.909,32,255,255,255,0,511,64,125.390
2018-01-05T12:16:48.909,32,95,255,255,95,500,65,125.390
2018-01-05T12:17:48.724,32,255,255,255,0,800,63,125.390
2018-01-05T12:17:48.724,32,95,255,255,95,600,1,125.390
2018-01-05T12:18:09.181,32,255,255,255,0,800,57,125.385
2018-01-05T12:18:09.183,32,255,255,255,0,800,57,125.385
2018-01-05T12:18:09.183,32,255,255,255,0,800,57,125.385
2018-01-05T12:18:09.183,32,255,255,255,0,800,57,125.385
2018-01-05T12:18:09.185,32,255,255,255,0,1700,57,125.375
2018-01-05T12:18:09.185,32,255,255,255,0,800,57,125.385
2018-01-05T12:18:09.185,32,255,255,255,0,1000,57,125.385
2018-01-05T12:18:09.187,32,255,255,255,0,800,57,125.385
2018-01-05T12:18:09.191,32,255,255,255,0,1300,57,125.375
2018-01-05T12:18:09.194,32,255,255,255,0,800,57,125.385
2018-01-05T12:18:09.2,32,255,255,255,0,1200,57,125.375
2018-01-05T12:18:09.202,32,255,255,255,0,600,57,125.375
2018-01-05T12:18:09.204,32,255,255,255,0,700,57,125.375
2018-01-05T12:18:09.293,32,255,255,255,0,600,57,125.375
2018-01-05T12:18:09.298,32,255,255,255,0,800,57,125.385
2018-01-05T12:18:09.358,32,255,255,255,0,1000,57,125.375
2018-01-05T12:18:16.43,32,95,255,255,95,1900,64,125.370
2018-01-05T12:18:20.832,32,255,255,255,0,600,1,125.370
2018-01-05T12:19:38.92,32,255,255,255,0,900,11,125.380
2018-01-05T12:19:39.579,32,255,255,255,0,900,63,125.390
2018-01-05T12:19:45.151,32,255,255,255,0,800,11,125.390
2018-01-05T12:19:54.79,32,255,255,255,0,900,63,125.390
2018-01-05T12:20:00.281,32,255,255,255,0,500,57,125.3951
2018-01-05T12:21:39.917,32,255,255,255,0,785,1,125.390
2018-01-05T12:22:02.06,32,255,255,255,0,603,1,125.370
2018-01-05T12:22:08.347,32,255,255,255,0,1800,1,125.370
2018-01-05T12:23:10.043,32,255,255,255,0,500,7,125.370
2018-01-05T12:23:35.438,32,255,255,255,0,1000,57,125.3700
2018-01-05T12:24:21.142,32,255,255,255,0,2500,59,125.3650
2018-01-05T12:25:12.807,32,255,255,255,0,900,9,125.370
2018-01-05T12:25:44.209,32,255,255,255,0,1800,64,125.380
2018-01-05T12:25:44.21,32,255,255,255,0,900,63,125.380
2018-01-05T12:25:44.21,32,255,255,255,0,804,65,125.375
2018-01-05T12:25:44.21,32,255,255,255,0,906,60,125.375
2018-01-05T12:25:44.21,32,255,255,255,0,1700,60,125.375
2018-01-05T12:25:44.21,32,255,255,255,0,1796,65,125.375
2018-01-05T12:25:44.21,32,255,255,255,0,1604,65,125.380
2018-01-05T12:25:44.21,32,255,255,255,0,1162,7,125.375
2018-01-05T12:25:44.211,32,255,255,255,0,1538,7,125.375
2018-01-05T12:25:44.211,32,255,255,255,0,762,7,125.380
2018-01-05T12:25:44.212,32,255,255,255,0,745,1,125.380
2018-01-05T12:25:44.218,32,255,255,255,0,723,65,125.380
2018-01-05T12:25:44.218,32,255,255,255,0,1652,60,125.380
2018-01-05T12:25:44.218,32,255,255,255,0,634,1,125.380
2018-01-05T12:25:44.218,32,255,255,255,0,1662,1,125.380
2018-01-05T12:25:44.218,32,95,255,255,95,1280,7,125.375
2018-01-05T12:25:44.22,32,95,255,255,95,590,60,125.380
2018-01-05T12:25:44.221,32,95,255,255,95,1733,1,125.380
2018-01-05T12:25:44.537,32,255,255,255,0,700,7,125.390
2018-01-05T12:26:17.351,32,255,255,255,0,700,64,125.400
2018-01-05T12:27:34.031,32,255,255,255,0,500,57,125.3949
2018-01-05T12:30:42.165,32,95,255,255,95,797,11,125.390
2018-01-05T12:30:45.501,32,95,255,255,95,600,1,125.390
2018-01-05T12:30:54.326,32,95,255,255,95,900,9,125.390
2018-01-05T12:30:54.703,32,255,255,255,0,500,1,125.390
2018-01-05T12:30:54.709,32,95,255,255,95,700,7,125.390
2018-01-05T12:34:01.448,32,95,255,255,95,900,63,125.400
2018-01-05T12:34:34.08,32,255,255,255,0,723,57,125.3929
2018-01-05T12:35:38.548,32,95,255,255,95,500,1,125.400
2018-01-05T12:35:38.548,32,95,255,255,95,1485,1,125.400
2018-01-05T12:35:38.549,32,95,255,255,95,500,65,125.400
2018-01-05T12:35:38.549,32,95,255,255,95,2900,60,125.400
2018-01-05T12:35:38.549,32,95,255,255,95,700,1,125.400
2018-01-05T12:35:38.549,32,95,255,255,95,689,65,125.400
2018-01-05T12:35:56.198,32,95,255,255,95,800,63,125.400
2018-01-05T12:35:56.201,32,255,255,255,0,702,57,125.400
2018-01-05T12:36:07.817,32,255,255,255,0,800,1,125.400
2018-01-05T12:36:21.432,32,255,255,255,0,700,7,125.410
2018-01-05T12:36:22.5,32,255,255,255,0,600,60,125.410
2018-01-05T12:36:24.017,32,255,255,255,0,500,57,125.4189
2018-01-05T12:36:25.096,32,255,255,255,0,680,63,125.420
2018-01-05T12:36:25.105,32,255,255,255,0,1300,1,125.420
2018-01-05T12:36:25.105,32,255,255,255,0,1300,65,125.420
2018-01-05T12:36:51.507,32,255,255,255,0,3007,57,125.4267
2018-01-05T12:38:14.485,32,255,255,255,0,600,63,125.4200
2018-01-05T12:38:14.541,32,95,255,255,95,2200,1,125.430
2018-01-05T12:38:14.541,32,95,255,255,95,2200,64,125.430
2018-01-05T12:38:14.541,32,95,255,255,95,3200,65,125.430
2018-01-05T12:38:14.541,32,95,255,255,95,2700,60,125.430
2018-01-05T12:38:14.542,32,95,255,255,95,1600,7,125.430
2018-01-05T12:38:14.543,32,255,255,255,0,1733,68,125.430
2018-01-05T12:39:44.563,32,255,255,255,0,500,7,125.440
2018-01-05T12:41:33.302,32,255,255,255,0,500,1,125.420
2018-01-05T12:41:33.302,32,95,255,255,95,500,65,125.420
2018-01-05T12:41:38.764,32,255,255,255,0,700,64,125.410
2018-01-05T12:41:38.765,32,95,255,255,95,700,1,125.410
2018-01-05T12:41:38.765,32,95,255,255,95,880,1,125.410
2018-01-05T12:41:38.765,32,95,255,255,95,699,60,125.410
2018-01-05T12:41:39.3,32,255,255,255,0,900,11,125.410
2018-01-05T12:41:41.695,32,255,255,255,0,900,11,125.410
2018-01-05T12:41:43.634,32,255,255,255,0,1200,59,125.406
2018-01-05T12:41:47.971,32,255,255,255,0,700,7,125.410
2018-01-05T12:42:07.705,32,255,255,255,0,500,11,125.410
2018-01-05T12:42:24.167,32,95,255,255,95,500,1,125.410
2018-01-05T12:42:24.168,32,95,255,255,95,956,7,125.410
2018-01-05T12:42:24.171,32,95,255,255,95,3000,7,125.420
2018-01-05T12:42:35.095,32,95,255,255,95,700,1,125.420
2018-01-05T12:42:35.095,32,95,255,255,95,600,1,125.420
2018-01-05T12:43:20.307,32,95,255,255,95,1000,1,125.420
2018-01-05T12:43:20.307,32,95,255,255,95,500,9,125.420
2018-01-05T12:43:20.307,32,95,255,255,95,600,1,125.420
2018-01-05T12:43:20.308,32,95,255,255,95,1000,60,125.420
2018-01-05T12:43:20.308,32,95,255,255,95,933,65,125.420
2018-01-05T12:43:40.382,32,95,255,255,95,700,65,125.410
2018-01-05T12:43:40.382,32,255,255,255,0,699,1,125.410
2018-01-05T12:43:40.382,32,255,255,255,0,699,60,125.410
2018-01-05T12:43:40.382,32,255,255,255,0,700,7,125.410
2018-01-05T12:43:55.004,32,95,255,255,95,800,63,125.420
2018-01-05T12:45:14.85,32,255,255,255,0,660,11,125.430
2018-01-05T12:45:14.868,32,255,255,255,0,1200,68,125.435
2018-01-05T12:45:14.871,32,255,255,255,0,600,57,125.435
2018-01-05T12:45:14.871,32,255,255,255,0,900,57,125.435
2018-01-05T12:45:14.873,32,255,255,255,0,600,57,125.430
2018-01-05T12:45:14.973,32,255,255,255,0,852,1,125.430
2018-01-05T12:46:04.86,32,95,255,255,95,846,65,125.430
2018-01-05T12:46:45.542,32,95,255,255,95,800,63,125.440
2018-01-05T12:46:45.543,32,95,255,255,95,1300,65,125.450
2018-01-05T12:46:45.742,32,95,255,255,95,27815,57,125.460
2018-01-05T12:50:01.816,32,255,255,255,0,900,63,125.450
2018-01-05T12:50:01.83,32,255,255,255,0,1320,1,125.450
2018-01-05T12:50:01.83,32,255,255,255,0,3680,1,125.450
2018-01-05T12:50:01.83,32,255,255,255,0,1000,1,125.450
2018-01-05T12:50:01.83,32,255,255,255,0,504,7,125.450
2018-01-05T12:50:01.83,32,255,255,255,0,4496,7,125.450
2018-01-05T12:50:01.88,32,95,255,255,95,1100,1,125.450
2018-01-05T12:50:01.88,32,95,255,255,95,600,1,125.450
2018-01-05T12:50:05.644,32,255,255,255,0,560,68,125.450
2018-01-05T12:50:05.644,32,255,255,255,0,500,68,125.450
2018-01-05T12:50:05.644,32,255,255,255,0,1900,57,125.450
2018-01-05T12:50:05.645,32,255,255,255,0,600,57,125.450
2018-01-05T12:50:05.646,32,255,255,255,0,1900,57,125.450
2018-01-05T12:50:05.646,32,255,255,255,0,558,57,125.450
2018-01-05T12:50:05.647,32,255,255,255,0,1900,57,125.450
2018-01-05T12:50:05.649,32,255,255,255,0,600,57,125.450
2018-01-05T12:50:05.651,32,255,255,255,0,1900,57,125.450
2018-01-05T12:50:05.77,32,255,255,255,0,1900,57,125.450
2018-01-05T12:50:05.858,32,255,255,255,0,500,57,125.450
2018-01-05T12:50:08.32,32,255,255,255,0,500,57,125.450
2018-01-05T12:50:08.323,32,95,255,255,95,1400,1,125.450
2018-01-05T12:50:08.323,32,95,255,255,95,700,65,125.450
2018-01-05T12:50:08.323,32,95,255,255,95,600,65,125.450
2018-01-05T12:50:08.323,32,95,255,255,95,1000,60,125.450
2018-01-05T12:50:08.324,32,255,255,255,0,600,57,125.450
2018-01-05T12:50:08.908,32,95,255,255,95,1000,1,125.455
2018-01-05T12:50:08.908,32,95,255,255,95,500,63,125.460
2018-01-05T12:50:08.912,32,255,255,255,0,500,57,125.450
2018-01-05T12:50:08.914,32,255,255,255,0,900,57,125.455
2018-01-05T12:50:08.919,32,255,255,255,0,1900,57,125.455
2018-01-05T12:50:21.827,32,255,255,255,0,28202,57,125.470
2018-01-05T12:50:41.165,32,95,255,255,95,900,9,125.470
2018-01-05T12:50:41.165,32,95,255,255,95,1900,1,125.470
2018-01-05T12:50:41.166,32,95,255,255,95,700,7,125.470
2018-01-05T12:50:41.166,32,95,255,255,95,800,60,125.470
2018-01-05T12:50:41.171,32,255,255,255,0,1900,57,125.470
2018-01-05T12:50:41.184,32,95,255,255,95,500,1,125.470
2018-01-05T12:50:41.196,32,95,255,255,95,500,1,125.470
2018-01-05T12:50:41.196,32,95,255,255,95,500,1,125.470
2018-01-05T12:50:41.204,32,95,255,255,95,600,1,125.470
2018-01-05T12:50:41.213,32,95,255,255,95,600,1,125.470
2018-01-05T12:50:42.624,32,255,255,255,0,600,1,125.470
2018-01-05T12:50:42.624,32,95,255,255,95,500,1,125.470
2018-01-05T12:50:42.627,32,95,255,255,95,700,60,125.470
2018-01-05T12:50:42.628,32,95,255,255,95,700,7,125.470
2018-01-05T12:50:42.635,32,255,255,255,0,600,57,125.470
2018-01-05T12:50:46.096,32,95,255,255,95,2600,1,125.470
2018-01-05T12:50:46.096,32,95,255,255,95,2309,1,125.470
2018-01-05T12:50:46.097,32,95,255,255,95,2309,9,125.470
2018-01-05T12:50:59.983,32,95,255,255,95,2200,1,125.470
2018-01-05T12:50:59.984,32,95,255,255,95,700,7,125.470
2018-01-05T12:50:59.986,32,255,255,255,0,2500,1,125.470
2018-01-05T12:50:59.986,32,255,255,255,0,500,65,125.470
2018-01-05T12:50:59.986,32,95,255,255,95,700,7,125.470
2018-01-05T12:51:16.34,32,95,255,255,95,500,9,125.470
2018-01-05T12:51:17.072,32,255,255,255,0,600,7,125.470
2018-01-05T12:52:58.463,32,255,255,255,0,818,57,125.4699
2018-01-05T12:53:17.861,32,255,255,255,0,1000,57,125.4600
2018-01-05T12:54:35.035,32,255,255,255,0,5190,1,125.460
2018-01-05T12:54:35.046,32,255,255,255,0,893,65,125.460
2018-01-05T12:54:35.499,32,255,255,255,0,700,7,125.460
2018-01-05T12:54:37.593,32,255,255,255,0,900,63,125.470
2018-01-05T12:54:59.204,32,255,255,255,0,900,11,125.470
2018-01-05T12:55:56.284,32,255,255,255,0,700,7,125.470
2018-01-05T12:55:56.29,32,255,255,255,0,1900,57,125.470
2018-01-05T12:56:36.825,32,255,255,255,0,600,11,125.470
2018-01-05T12:57:30.631,32,255,255,255,0,500,1,125.470
2018-01-05T12:57:30.631,32,95,255,255,95,639,11,125.470
2018-01-05T12:57:30.631,32,255,255,255,0,500,60,125.470
2018-01-05T12:57:43.086,32,255,255,255,0,700,68,125.470
2018-01-05T12:58:05.752,32,255,255,255,0,900,64,125.490
2018-01-05T12:58:05.753,32,255,255,255,0,500,7,125.490
2018-01-05T12:58:07.436,32,255,255,255,0,2000,57,125.500
2018-01-05T12:58:24.148,32,255,255,255,0,2500,1,125.500
2018-01-05T12:59:33.139,32,95,255,255,95,500,60,125.510
2018-01-05T12:59:35.906,32,124,255,4,124,322000,17,125.440
2018-01-05T13:00:26.452,32,95,255,255,95,500,11,125.510
2018-01-05T13:00:43.596,32,255,255,255,0,600,1,125.500
2018-01-05T13:01:10.466,32,95,255,255,95,600,1,125.510
2018-01-05T13:01:10.466,32,95,255,255,95,10000,1,125.510
2018-01-05T13:01:10.466,32,95,255,255,95,513,9,125.510
2018-01-05T13:01:10.466,32,255,255,255,0,1000,60,125.510
2018-01-05T13:01:10.466,32,95,255,255,95,1200,7,125.510
2018-01-05T13:01:10.466,32,95,255,255,95,3100,7,125.510
2018-01-05T13:01:10.466,32,95,255,255,95,4100,1,125.520
2018-01-05T13:01:10.467,32,255,255,255,0,900,1,125.520
2018-01-05T13:01:10.467,32,95,255,255,95,5000,7,125.520
2018-01-05T13:01:10.467,32,255,255,255,0,539,60,125.520
2018-01-05T13:01:10.467,32,255,255,255,0,584,7,125.520
2018-01-05T13:01:10.468,32,255,255,255,0,1354,1,125.520
2018-01-05T13:01:10.468,32,95,255,255,95,700,7,125.520
2018-01-05T13:01:10.468,32,255,255,255,0,937,60,125.520
2018-01-05T13:01:10.479,32,255,255,255,0,1788,1,125.520
2018-01-05T13:01:10.479,32,95,255,255,95,1719,65,125.520
2018-01-05T13:01:10.711,32,255,255,255,0,600,9,125.510
2018-01-05T13:01:11.45,32,255,255,255,0,700,7,125.515
2018-01-05T13:01:17.45,32,255,255,255,0,500,7,125.515
2018-01-05T13:01:19.072,32,255,255,255,0,2300,57,125.510
2018-01-05T13:01:23.692,32,95,255,255,95,3818,1,125.510
2018-01-05T13:01:23.692,32,95,255,255,95,1072,1,125.510
2018-01-05T13:01:46.768,32,255,255,255,0,700,64,125.500
2018-01-05T13:01:46.768,32,95,255,255,95,700,1,125.500
2018-01-05T13:01:46.768,32,95,255,255,95,700,7,125.500
2018-01-05T13:01:46.768,32,95,255,255,95,700,7,125.500
2018-01-05T13:01:46.769,32,95,255,255,95,700,60,125.500
2018-01-05T13:01:46.771,32,255,255,255,0,700,57,125.500
2018-01-05T13:01:46.774,32,255,255,255,0,700,57,125.500
2018-01-05T13:02:12.45,32,255,255,255,0,600,7,125.505
2018-01-05T13:02:52.134,32,255,255,255,0,690,1,125.510
2018-01-05T13:02:52.134,32,255,255,255,0,800,9,125.510
2018-01-05T13:02:52.134,32,255,255,255,0,1200,7,125.510
2018-01-05T13:02:52.135,32,255,255,255,0,500,11,125.520
2018-01-05T13:03:13.681,32,95,255,255,95,800,1,125.510
2018-01-05T13:03:13.681,32,95,255,255,95,2200,7,125.510
2018-01-05T13:03:18.077,32,95,255,255,95,500,65,125.530
2018-01-05T13:03:18.077,32,95,255,255,95,1000,7,125.530
2018-01-05T13:03:18.077,32,95,255,255,95,500,7,125.530
2018-01-05T13:03:18.084,32,255,255,255,0,500,64,125.540
2018-01-05T13:03:18.099,32,95,255,255,95,600,1,125.540
2018-01-05T13:03:20.79,32,255,255,255,0,997,64,125.540
2018-01-05T13:03:42.596,32,95,255,255,95,1900,1,125.540
2018-01-05T13:03:42.596,32,95,255,255,95,1400,1,125.550
2018-01-05T13:03:42.596,32,95,255,255,95,10000,1,125.550
2018-01-05T13:03:42.596,32,95,255,255,95,5000,1,125.550
2018-01-05T13:03:42.596,32,95,255,255,95,1400,11,125.550
2018-01-05T13:03:42.597,32,255,255,255,0,3000,60,125.540
2018-01-05T13:03:42.597,32,255,255,255,0,1267,64,125.540
2018-01-05T13:03:42.597,32,95,255,255,95,2700,65,125.540
2018-01-05T13:03:42.597,32,95,255,255,95,1400,64,125.540
2018-01-05T13:03:42.597,32,95,255,255,95,1300,60,125.550
2018-01-05T13:03:42.597,32,95,255,255,95,800,60,125.550
2018-01-05T13:03:42.597,32,95,255,255,95,2700,7,125.540
2018-01-05T13:03:42.597,32,95,255,255,95,700,7,125.550
2018-01-05T13:03:42.597,32,95,255,255,95,900,7,125.550
2018-01-05T13:03:42.597,32,95,255,255,95,500,11,125.560
2018-01-05T13:03:42.597,32,255,255,255,0,700,68,125.540
2018-01-05T13:03:42.597,32,255,255,255,0,1900,68,125.540
2018-01-05T13:03:42.597,32,95,255,255,95,500,63,125.560
2018-01-05T13:03:42.598,32,255,255,255,0,608,1,125.560
2018-01-05T13:03:42.598,32,255,255,255,0,544,1,125.560
2018-01-05T13:03:42.599,32,255,255,255,0,700,57,125.540
2018-01-05T13:03:42.601,32,95,255,255,95,5000,7,125.560
2018-01-05T13:03:42.601,32,95,255,255,95,1800,1,125.560
2018-01-05T13:03:42.602,32,95,255,255,95,800,9,125.560
2018-01-05T13:03:42.602,32,95,255,255,95,700,60,125.560
2018-01-05T13:03:42.602,32,95,255,255,95,800,9,125.560
2018-01-05T13:03:42.602,32,95,255,255,95,1500,65,125.560
2018-01-05T13:03:42.602,32,95,255,255,95,800,7,125.550
2018-01-05T13:03:42.602,32,95,255,255,95,500,65,125.560
2018-01-05T13:03:42.602,32,255,255,255,0,700,57,125.540
2018-01-05T13:03:42.604,32,255,255,255,0,700,57,125.540
2018-01-05T13:03:42.605,32,255,255,255,0,1200,57,125.540
2018-01-05T13:03:42.606,32,255,255,255,0,600,57,125.540
2018-01-05T13:03:42.608,32,255,255,255,0,700,57,125.540
2018-01-05T13:03:42.617,32,255,255,255,0,700,57,125.540
2018-01-05T13:03:42.764,32,255,255,255,0,500,57,125.555
2018-01-05T13:03:42.775,32,255,255,255,0,1000,57,125.555
2018-01-05T13:03:46.294,32,255,255,255,0,719,57,125.560
2018-01-05T13:04:10.936,32,255,255,255,0,600,11,125.560
2018-01-05T13:04:10.936,32,255,255,255,0,1000,64,125.560
2018-01-05T13:04:10.936,32,255,255,255,0,700,64,125.560
2018-01-05T13:04:18.249,32,255,255,255,0,700,1,125.560
2018-01-05T13:04:18.25,32,95,255,255,95,600,64,125.560
2018-01-05T13:05:01.806,32,95,255,255,95,500,1,125.520
2018-01-05T13:05:01.806,32,95,255,255,95,800,64,125.520
2018-01-05T13:05:01.807,32,95,255,255,95,500,7,125.520
2018-01-05T13:05:01.807,32,255,255,255,0,800,57,125.520
2018-01-05T13:05:01.807,32,255,255,255,0,700,68,125.520
2018-01-05T13:05:01.813,32,255,255,255,0,700,57,125.520
2018-01-05T13:05:02.452,32,255,255,255,0,600,1,125.520
2018-01-05T13:05:04.376,32,95,255,255,95,600,1,125.520
2018-01-05T13:06:05.828,32,255,255,255,0,700,57,125.530
2018-01-05T13:06:05.833,32,255,255,255,0,700,57,125.530
2018-01-05T13:06:34.188,32,95,255,255,95,1627,60,125.510
2018-01-05T13:06:34.188,32,255,255,255,0,700,64,125.510
2018-01-05T13:06:34.188,32,255,255,255,0,2112,1,125.510
2018-01-05T13:06:34.188,32,255,255,255,0,1763,1,125.510
2018-01-05T13:06:34.188,32,255,255,255,0,1288,9,125.510
2018-01-05T13:06:34.205,32,95,255,255,95,20000,1,125.500
2018-01-05T13:06:34.205,32,255,255,255,0,3194,1,125.500
2018-01-05T13:06:34.783,32,255,255,255,0,1164,1,125.490
2018-01-05T13:06:34.783,32,95,255,255,95,8436,1,125.490
2018-01-05T13:06:50.84,32,255,255,255,0,600,11,125.490
2018-01-05T13:06:55.536,32,255,255,255,0,1169,64,125.500
2018-01-05T13:06:55.536,32,255,255,255,0,1187,1,125.500
2018-01-05T13:06:55.536,32,255,255,255,0,700,64,125.500
2018-01-05T13:06:55.536,32,255,255,255,0,1854,60,125.500
2018-01-05T13:07:49.283,32,95,255,255,95,700,1,125.510
2018-01-05T13:08:14.034,32,95,255,255,95,700,7,125.510
2018-01-05T13:08:14.035,32,255,255,255,0,667,60,125.510
2018-01-05T13:12:21.856,32,255,255,255,0,800,57,125.530
2018-01-05T13:12:21.858,32,255,255,255,0,800,57,125.530
2018-01-05T13:12:54.823,32,255,255,255,0,504,57,125.5241
2018-01-05T13:13:03.453,32,95,255,255,95,500,64,125.5300
2018-01-05T13:14:15.403,32,255,255,255,0,900,1,125.530
2018-01-05T13:17:22.611,32,95,255,255,95,1077,1,125.530
2018-01-05T13:18:03.452,32,95,255,255,95,500,11,125.530
2018-01-05T13:20:26.521,32,255,255,255,0,500,57,125.521
2018-01-05T13:20:27.253,32,95,255,255,95,500,11,125.530
2018-01-05T13:20:39.407,32,255,255,255,0,900,63,125.540
2018-01-05T13:20:49.834,32,95,255,255,95,2600,64,125.520
2018-01-05T13:20:49.903,32,95,255,255,95,86700,57,125.500
2018-01-05T13:21:03.55,32,255,255,255,0,600,57,125.520
2018-01-05T13:21:30.91,32,255,255,255,0,756,63,125.530
2018-01-05T13:21:30.948,32,255,255,255,0,600,7,125.530
2018-01-05T13:22:23.455,32,255,255,255,0,900,7,125.520
2018-01-05T13:22:57.354,32,255,255,255,0,530,64,125.520
2018-01-05T13:22:57.354,32,255,255,255,0,822,1,125.520
2018-01-05T13:22:57.354,32,255,255,255,0,1130,11,125.520
2018-01-05T13:22:57.354,32,255,255,255,0,500,9,125.520
2018-01-05T13:22:57.354,32,255,255,255,0,700,63,125.520
2018-01-05T13:22:57.354,32,255,255,255,0,1217,60,125.520
2018-01-05T13:22:57.354,32,255,255,255,0,604,63,125.520
2018-01-05T13:22:57.354,32,255,255,255,0,1448,65,125.520
2018-01-05T13:22:57.354,32,255,255,255,0,1130,7,125.520
2018-01-05T13:22:57.355,32,255,255,255,0,600,4,125.520
2018-01-05T13:22:57.355,32,255,255,255,0,600,68,125.520
2018-01-05T13:22:57.358,32,255,255,255,0,1900,68,125.525
2018-01-05T13:22:57.358,32,255,255,255,0,1900,57,125.525
2018-01-05T13:22:57.359,32,255,255,255,0,800,57,125.525
2018-01-05T13:22:57.359,32,255,255,255,0,600,57,125.525
2018-01-05T13:22:57.363,32,255,255,255,0,1400,57,125.525
2018-01-05T13:22:57.377,32,255,255,255,0,700,68,125.530
2018-01-05T13:22:57.379,32,255,255,255,0,1300,57,125.525
2018-01-05T13:22:57.391,32,255,255,255,0,1900,57,125.525
2018-01-05T13:22:57.392,32,255,255,255,0,5000,57,125.525
2018-01-05T13:22:57.491,32,255,255,255,0,1400,57,125.5275
2018-01-05T13:22:57.643,32,255,255,255,0,1100,57,125.5250
2018-01-05T13:22:57.711,32,255,255,255,0,600,57,125.5250
2018-01-05T13:22:57.753,32,95,255,255,95,584,7,125.530
2018-01-05T13:23:43.261,32,95,255,255,95,693,63,125.530
2018-01-05T13:25:55.324,32,255,255,255,0,1400,57,125.525
2018-01-05T13:25:55.325,32,255,255,255,0,500,57,125.525
2018-01-05T13:25:55.325,32,255,255,255,0,800,57,125.525
2018-01-05T13:25:55.329,32,255,255,255,0,1200,57,125.525
2018-01-05T13:25:55.329,32,255,255,255,0,800,57,125.525
2018-01-05T13:25:55.333,32,255,255,255,0,1900,68,125.525
2018-01-05T13:25:55.341,32,255,255,255,0,500,57,125.525
2018-01-05T13:25:55.349,32,255,255,255,0,1900,57,125.525
2018-01-05T13:25:55.351,32,255,255,255,0,1900,57,125.525
2018-01-05T13:25:55.379,32,255,255,255,0,1000,57,125.525
2018-01-05T13:25:55.864,32,255,255,255,0,500,57,125.525
2018-01-05T13:25:55.867,32,255,255,255,0,1900,57,125.525
2018-01-05T13:26:55.776,32,255,255,255,0,800,63,125.520
2018-01-05T13:27:47.38,32,255,255,255,0,1700,68,125.515
2018-01-05T13:27:47.38,32,255,255,255,0,1000,57,125.510
2018-01-05T13:27:47.403,32,255,255,255,0,1000,57,125.510
2018-01-05T13:27:47.409,32,255,255,255,0,1700,57,125.510
2018-01-05T13:27:47.41,32,255,255,255,0,500,57,125.510
2018-01-05T13:27:47.456,32,255,255,255,0,5800,64,125.510
2018-01-05T13:27:47.456,32,255,255,255,0,700,65,125.510
2018-01-05T13:27:47.456,32,255,255,255,0,4300,65,125.510
2018-01-05T13:27:47.456,32,255,255,255,0,4000,68,125.510
2018-01-05T13:27:47.456,32,255,255,255,0,5900,7,125.510
2018-01-05T13:27:47.457,32,255,255,255,0,1700,1,125.510
2018-01-05T13:27:47.459,32,255,255,255,0,900,57,125.5118
2018-01-05T13:27:47.951,32,255,255,255,0,1200,57,125.515
2018-01-05T13:27:53.849,32,255,255,255,0,1300,65,125.500
2018-01-05T13:27:53.851,32,255,255,255,0,600,57,125.505
2018-01-05T13:27:53.852,32,255,255,255,0,900,57,125.5018
2018-01-05T13:27:53.856,32,255,255,255,0,700,7,125.500
2018-01-05T13:27:53.903,32,95,255,255,95,1075,1,125.490
2018-01-05T13:27:53.903,32,95,255,255,95,700,65,125.490
2018-01-05T13:27:53.903,32,95,255,255,95,512,1,125.490
2018-01-05T13:27:55.504,32,255,255,255,0,500,9,125.500
2018-01-05T13:27:55.913,32,255,255,255,0,500,7,125.500
2018-01-05T13:28:05.029,32,255,255,255,0,500,7,125.500
